%YAML 1.1
%TAG !u! tag:unity3d.com,2011:
--- !u!1 &278230789569924196
GameObject:
  m_ObjectHideFlags: 0
  m_CorrespondingSourceObject: {fileID: 0}
  m_PrefabInstance: {fileID: 0}
  m_PrefabAsset: {fileID: 0}
  serializedVersion: 6
  m_Component:
  - component: {fileID: 5914932502357285569}
  - component: {fileID: 5844558030588935099}
  - component: {fileID: 4639464168929761227}
  m_Layer: 0
  m_Name: HandPress
  m_TagString: Untagged
  m_Icon: {fileID: 0}
  m_NavMeshLayer: 0
  m_StaticEditorFlags: 0
  m_IsActive: 0
--- !u!224 &5914932502357285569
RectTransform:
  m_ObjectHideFlags: 0
  m_CorrespondingSourceObject: {fileID: 0}
  m_PrefabInstance: {fileID: 0}
  m_PrefabAsset: {fileID: 0}
  m_GameObject: {fileID: 278230789569924196}
  m_LocalRotation: {x: -0, y: -0, z: -0, w: 1}
  m_LocalPosition: {x: 0, y: 0, z: -7.4999995}
  m_LocalScale: {x: 1, y: 1, z: 1}
  m_Children: []
  m_Father: {fileID: 91035228259868572}
  m_RootOrder: 1
  m_LocalEulerAnglesHint: {x: 0, y: 0, z: 0}
  m_AnchorMin: {x: 0.5, y: 0.5}
  m_AnchorMax: {x: 0.5, y: 0.5}
  m_AnchoredPosition: {x: 12.54, y: -25.405006}
  m_SizeDelta: {x: 89.53, y: 91.39}
  m_Pivot: {x: 0.5, y: 0.5}
--- !u!222 &5844558030588935099
CanvasRenderer:
  m_ObjectHideFlags: 0
  m_CorrespondingSourceObject: {fileID: 0}
  m_PrefabInstance: {fileID: 0}
  m_PrefabAsset: {fileID: 0}
  m_GameObject: {fileID: 278230789569924196}
  m_CullTransparentMesh: 0
--- !u!114 &4639464168929761227
MonoBehaviour:
  m_ObjectHideFlags: 0
  m_CorrespondingSourceObject: {fileID: 0}
  m_PrefabInstance: {fileID: 0}
  m_PrefabAsset: {fileID: 0}
  m_GameObject: {fileID: 278230789569924196}
  m_Enabled: 1
  m_EditorHideFlags: 0
  m_Script: {fileID: -765806418, guid: f70555f144d8491a825f0804e09c671c, type: 3}
  m_Name: 
  m_EditorClassIdentifier: 
  m_Material: {fileID: 0}
  m_Color: {r: 1, g: 1, b: 1, a: 1}
  m_RaycastTarget: 0
  m_OnCullStateChanged:
    m_PersistentCalls:
      m_Calls: []
    m_TypeName: UnityEngine.UI.MaskableGraphic+CullStateChangedEvent, UnityEngine.UI,
      Version=1.0.0.0, Culture=neutral, PublicKeyToken=null
  m_Sprite: {fileID: 21300000, guid: 7fd12f97507c5074ea411ffd70304c38, type: 3}
  m_Type: 0
  m_PreserveAspect: 0
  m_FillCenter: 1
  m_FillMethod: 4
  m_FillAmount: 1
  m_FillClockwise: 1
  m_FillOrigin: 0
  m_UseSpriteMesh: 0
--- !u!1 &1137633778787817585
GameObject:
  m_ObjectHideFlags: 0
  m_CorrespondingSourceObject: {fileID: 0}
  m_PrefabInstance: {fileID: 0}
  m_PrefabAsset: {fileID: 0}
  serializedVersion: 6
  m_Component:
  - component: {fileID: 4846187494736458617}
  - component: {fileID: 7548278461002195901}
  - component: {fileID: 5089287521175786655}
  m_Layer: 0
  m_Name: Item
  m_TagString: Untagged
  m_Icon: {fileID: 0}
  m_NavMeshLayer: 0
  m_StaticEditorFlags: 0
  m_IsActive: 1
--- !u!224 &4846187494736458617
RectTransform:
  m_ObjectHideFlags: 0
  m_CorrespondingSourceObject: {fileID: 0}
  m_PrefabInstance: {fileID: 0}
  m_PrefabAsset: {fileID: 0}
  m_GameObject: {fileID: 1137633778787817585}
  m_LocalRotation: {x: -0, y: -0, z: -0, w: 1}
  m_LocalPosition: {x: 0, y: 0, z: 0}
  m_LocalScale: {x: 0.5, y: 0.5, z: 0.5}
  m_Children:
  - {fileID: 5550685602560404534}
  - {fileID: 5556852561439582501}
  - {fileID: 7305179048925081991}
  - {fileID: 3453891584380958740}
  m_Father: {fileID: 911801087701908130}
  m_RootOrder: 0
  m_LocalEulerAnglesHint: {x: 0, y: 0, z: 0}
  m_AnchorMin: {x: 0.5, y: 0.5}
  m_AnchorMax: {x: 0.5, y: 0.5}
  m_AnchoredPosition: {x: 0, y: 0}
  m_SizeDelta: {x: 500, y: 500}
  m_Pivot: {x: 0.5, y: 0.5}
--- !u!222 &7548278461002195901
CanvasRenderer:
  m_ObjectHideFlags: 0
  m_CorrespondingSourceObject: {fileID: 0}
  m_PrefabInstance: {fileID: 0}
  m_PrefabAsset: {fileID: 0}
  m_GameObject: {fileID: 1137633778787817585}
  m_CullTransparentMesh: 0
--- !u!114 &5089287521175786655
MonoBehaviour:
  m_ObjectHideFlags: 0
  m_CorrespondingSourceObject: {fileID: 0}
  m_PrefabInstance: {fileID: 0}
  m_PrefabAsset: {fileID: 0}
  m_GameObject: {fileID: 1137633778787817585}
  m_Enabled: 1
  m_EditorHideFlags: 0
  m_Script: {fileID: -765806418, guid: f70555f144d8491a825f0804e09c671c, type: 3}
  m_Name: 
  m_EditorClassIdentifier: 
  m_Material: {fileID: 0}
  m_Color: {r: 0, g: 0, b: 0, a: 0.5647059}
  m_RaycastTarget: 0
  m_OnCullStateChanged:
    m_PersistentCalls:
      m_Calls: []
    m_TypeName: UnityEngine.UI.MaskableGraphic+CullStateChangedEvent, UnityEngine.UI,
      Version=1.0.0.0, Culture=neutral, PublicKeyToken=null
  m_Sprite: {fileID: 21300000, guid: 24f49cee040dce54a839b2439890e29f, type: 3}
  m_Type: 0
  m_PreserveAspect: 0
  m_FillCenter: 1
  m_FillMethod: 4
  m_FillAmount: 1
  m_FillClockwise: 1
  m_FillOrigin: 0
  m_UseSpriteMesh: 0
--- !u!1 &1607770940671290367
GameObject:
  m_ObjectHideFlags: 0
  m_CorrespondingSourceObject: {fileID: 0}
  m_PrefabInstance: {fileID: 0}
  m_PrefabAsset: {fileID: 0}
  serializedVersion: 6
  m_Component:
  - component: {fileID: 8880040744395142868}
  - component: {fileID: 6455317585508948602}
  - component: {fileID: 8521151086180594062}
  m_Layer: 5
  m_Name: TopInputBlock
  m_TagString: Untagged
  m_Icon: {fileID: 0}
  m_NavMeshLayer: 0
  m_StaticEditorFlags: 0
  m_IsActive: 1
--- !u!224 &8880040744395142868
RectTransform:
  m_ObjectHideFlags: 0
  m_CorrespondingSourceObject: {fileID: 0}
  m_PrefabInstance: {fileID: 0}
  m_PrefabAsset: {fileID: 0}
  m_GameObject: {fileID: 1607770940671290367}
  m_LocalRotation: {x: -0, y: -0, z: -0, w: 1}
  m_LocalPosition: {x: 0, y: 0, z: 0}
  m_LocalScale: {x: 1, y: 1, z: 1}
  m_Children: []
  m_Father: {fileID: 219992728802884362}
  m_RootOrder: 1
  m_LocalEulerAnglesHint: {x: 0, y: 0, z: 0}
  m_AnchorMin: {x: 1, y: 1}
  m_AnchorMax: {x: 1, y: 1}
  m_AnchoredPosition: {x: -75, y: -75}
  m_SizeDelta: {x: 100, y: 100}
  m_Pivot: {x: 0.5, y: 0.5}
--- !u!222 &6455317585508948602
CanvasRenderer:
  m_ObjectHideFlags: 0
  m_CorrespondingSourceObject: {fileID: 0}
  m_PrefabInstance: {fileID: 0}
  m_PrefabAsset: {fileID: 0}
  m_GameObject: {fileID: 1607770940671290367}
  m_CullTransparentMesh: 0
--- !u!114 &8521151086180594062
MonoBehaviour:
  m_ObjectHideFlags: 0
  m_CorrespondingSourceObject: {fileID: 0}
  m_PrefabInstance: {fileID: 0}
  m_PrefabAsset: {fileID: 0}
  m_GameObject: {fileID: 1607770940671290367}
  m_Enabled: 1
  m_EditorHideFlags: 0
  m_Script: {fileID: -765806418, guid: f70555f144d8491a825f0804e09c671c, type: 3}
  m_Name: 
  m_EditorClassIdentifier: 
  m_Material: {fileID: 0}
  m_Color: {r: 0, g: 0, b: 0, a: 0.050980393}
  m_RaycastTarget: 1
  m_OnCullStateChanged:
    m_PersistentCalls:
      m_Calls: []
    m_TypeName: UnityEngine.UI.MaskableGraphic+CullStateChangedEvent, UnityEngine.UI,
      Version=1.0.0.0, Culture=neutral, PublicKeyToken=null
  m_Sprite: {fileID: 21300000, guid: de7ffc70098f49c428f674ea06927511, type: 3}
  m_Type: 0
  m_PreserveAspect: 0
  m_FillCenter: 1
  m_FillMethod: 4
  m_FillAmount: 1
  m_FillClockwise: 1
  m_FillOrigin: 0
  m_UseSpriteMesh: 0
--- !u!1 &1880600791692089725
GameObject:
  m_ObjectHideFlags: 0
  m_CorrespondingSourceObject: {fileID: 0}
  m_PrefabInstance: {fileID: 0}
  m_PrefabAsset: {fileID: 0}
  serializedVersion: 6
  m_Component:
  - component: {fileID: 205415726735860119}
  - component: {fileID: 934457977087580038}
  - component: {fileID: 649805252282603713}
  m_Layer: 0
  m_Name: HandPress
  m_TagString: Untagged
  m_Icon: {fileID: 0}
  m_NavMeshLayer: 0
  m_StaticEditorFlags: 0
  m_IsActive: 0
--- !u!224 &205415726735860119
RectTransform:
  m_ObjectHideFlags: 0
  m_CorrespondingSourceObject: {fileID: 0}
  m_PrefabInstance: {fileID: 0}
  m_PrefabAsset: {fileID: 0}
  m_GameObject: {fileID: 1880600791692089725}
  m_LocalRotation: {x: -0, y: -0, z: -0, w: 1}
  m_LocalPosition: {x: 0, y: 0, z: -7.4999995}
  m_LocalScale: {x: 1, y: 1, z: 1}
  m_Children: []
  m_Father: {fileID: 489265090920983806}
  m_RootOrder: 1
  m_LocalEulerAnglesHint: {x: 0, y: 0, z: 0}
  m_AnchorMin: {x: 0.5, y: 0.5}
  m_AnchorMax: {x: 0.5, y: 0.5}
  m_AnchoredPosition: {x: 12.54, y: -25.405006}
  m_SizeDelta: {x: 89.53, y: 91.39}
  m_Pivot: {x: 0.5, y: 0.5}
--- !u!222 &934457977087580038
CanvasRenderer:
  m_ObjectHideFlags: 0
  m_CorrespondingSourceObject: {fileID: 0}
  m_PrefabInstance: {fileID: 0}
  m_PrefabAsset: {fileID: 0}
  m_GameObject: {fileID: 1880600791692089725}
  m_CullTransparentMesh: 0
--- !u!114 &649805252282603713
MonoBehaviour:
  m_ObjectHideFlags: 0
  m_CorrespondingSourceObject: {fileID: 0}
  m_PrefabInstance: {fileID: 0}
  m_PrefabAsset: {fileID: 0}
  m_GameObject: {fileID: 1880600791692089725}
  m_Enabled: 1
  m_EditorHideFlags: 0
  m_Script: {fileID: -765806418, guid: f70555f144d8491a825f0804e09c671c, type: 3}
  m_Name: 
  m_EditorClassIdentifier: 
  m_Material: {fileID: 0}
  m_Color: {r: 1, g: 1, b: 1, a: 1}
  m_RaycastTarget: 0
  m_OnCullStateChanged:
    m_PersistentCalls:
      m_Calls: []
    m_TypeName: UnityEngine.UI.MaskableGraphic+CullStateChangedEvent, UnityEngine.UI,
      Version=1.0.0.0, Culture=neutral, PublicKeyToken=null
  m_Sprite: {fileID: 21300000, guid: 7fd12f97507c5074ea411ffd70304c38, type: 3}
  m_Type: 0
  m_PreserveAspect: 0
  m_FillCenter: 1
  m_FillMethod: 4
  m_FillAmount: 1
  m_FillClockwise: 1
  m_FillOrigin: 0
  m_UseSpriteMesh: 0
--- !u!1 &2142228096363327607
GameObject:
  m_ObjectHideFlags: 0
  m_CorrespondingSourceObject: {fileID: 0}
  m_PrefabInstance: {fileID: 0}
  m_PrefabAsset: {fileID: 0}
  serializedVersion: 6
  m_Component:
  - component: {fileID: 489265090920983806}
  m_Layer: 0
  m_Name: HandHolder
  m_TagString: Untagged
  m_Icon: {fileID: 0}
  m_NavMeshLayer: 0
  m_StaticEditorFlags: 0
  m_IsActive: 1
--- !u!224 &489265090920983806
RectTransform:
  m_ObjectHideFlags: 0
  m_CorrespondingSourceObject: {fileID: 0}
  m_PrefabInstance: {fileID: 0}
  m_PrefabAsset: {fileID: 0}
  m_GameObject: {fileID: 2142228096363327607}
  m_LocalRotation: {x: -0, y: -0, z: -0, w: 1}
  m_LocalPosition: {x: 0, y: 0, z: 0}
  m_LocalScale: {x: 1.3, y: 1.3, z: 1}
  m_Children:
  - {fileID: 6225188239285921366}
  - {fileID: 205415726735860119}
  m_Father: {fileID: 7289654489654080040}
  m_RootOrder: 0
  m_LocalEulerAnglesHint: {x: 0, y: 0, z: 0}
  m_AnchorMin: {x: 0.5, y: 0.5}
  m_AnchorMax: {x: 0.5, y: 0.5}
  m_AnchoredPosition: {x: -0, y: -0.000061035156}
  m_SizeDelta: {x: 100, y: 100}
  m_Pivot: {x: 0.5, y: 0.5}
--- !u!1 &2227312336554209928
GameObject:
  m_ObjectHideFlags: 0
  m_CorrespondingSourceObject: {fileID: 0}
  m_PrefabInstance: {fileID: 0}
  m_PrefabAsset: {fileID: 0}
  serializedVersion: 6
  m_Component:
  - component: {fileID: 4189313790267341638}
  - component: {fileID: 1710941875536863263}
  - component: {fileID: 234341138010557088}
  m_Layer: 5
  m_Name: TopInputNotBlock
  m_TagString: Untagged
  m_Icon: {fileID: 0}
  m_NavMeshLayer: 0
  m_StaticEditorFlags: 0
  m_IsActive: 0
--- !u!224 &4189313790267341638
RectTransform:
  m_ObjectHideFlags: 0
  m_CorrespondingSourceObject: {fileID: 0}
  m_PrefabInstance: {fileID: 0}
  m_PrefabAsset: {fileID: 0}
  m_GameObject: {fileID: 2227312336554209928}
  m_LocalRotation: {x: -0, y: -0, z: -0, w: 1}
  m_LocalPosition: {x: 0, y: 0, z: 0}
  m_LocalScale: {x: 1, y: 1, z: 1}
  m_Children: []
  m_Father: {fileID: 219992728802884362}
  m_RootOrder: 0
  m_LocalEulerAnglesHint: {x: 0, y: 0, z: 0}
  m_AnchorMin: {x: 0.5, y: 1}
  m_AnchorMax: {x: 0.5, y: 1}
  m_AnchoredPosition: {x: -1000, y: -74}
  m_SizeDelta: {x: 2000, y: 450}
  m_Pivot: {x: 0.5, y: 0.5}
--- !u!222 &1710941875536863263
CanvasRenderer:
  m_ObjectHideFlags: 0
  m_CorrespondingSourceObject: {fileID: 0}
  m_PrefabInstance: {fileID: 0}
  m_PrefabAsset: {fileID: 0}
  m_GameObject: {fileID: 2227312336554209928}
  m_CullTransparentMesh: 0
--- !u!114 &234341138010557088
MonoBehaviour:
  m_ObjectHideFlags: 0
  m_CorrespondingSourceObject: {fileID: 0}
  m_PrefabInstance: {fileID: 0}
  m_PrefabAsset: {fileID: 0}
  m_GameObject: {fileID: 2227312336554209928}
  m_Enabled: 1
  m_EditorHideFlags: 0
  m_Script: {fileID: -765806418, guid: f70555f144d8491a825f0804e09c671c, type: 3}
  m_Name: 
  m_EditorClassIdentifier: 
  m_Material: {fileID: 0}
  m_Color: {r: 0, g: 0, b: 0, a: 0.050980393}
  m_RaycastTarget: 0
  m_OnCullStateChanged:
    m_PersistentCalls:
      m_Calls: []
    m_TypeName: UnityEngine.UI.MaskableGraphic+CullStateChangedEvent, UnityEngine.UI,
      Version=1.0.0.0, Culture=neutral, PublicKeyToken=null
  m_Sprite: {fileID: 0}
  m_Type: 0
  m_PreserveAspect: 0
  m_FillCenter: 1
  m_FillMethod: 4
  m_FillAmount: 1
  m_FillClockwise: 1
  m_FillOrigin: 0
  m_UseSpriteMesh: 0
--- !u!1 &2328933504028356934
GameObject:
  m_ObjectHideFlags: 0
  m_CorrespondingSourceObject: {fileID: 0}
  m_PrefabInstance: {fileID: 0}
  m_PrefabAsset: {fileID: 0}
  serializedVersion: 6
  m_Component:
  - component: {fileID: 6496192198236736519}
  - component: {fileID: 6933284768491037442}
  - component: {fileID: 3039404720910918539}
  m_Layer: 0
  m_Name: Text
  m_TagString: Untagged
  m_Icon: {fileID: 0}
  m_NavMeshLayer: 0
  m_StaticEditorFlags: 0
  m_IsActive: 1
--- !u!224 &6496192198236736519
RectTransform:
  m_ObjectHideFlags: 0
  m_CorrespondingSourceObject: {fileID: 0}
  m_PrefabInstance: {fileID: 0}
  m_PrefabAsset: {fileID: 0}
  m_GameObject: {fileID: 2328933504028356934}
  m_LocalRotation: {x: -0, y: -0, z: -0, w: 1}
  m_LocalPosition: {x: 0, y: 0, z: -12.244898}
  m_LocalScale: {x: 1, y: 1, z: 1}
  m_Children: []
  m_Father: {fileID: 219992728802884362}
  m_RootOrder: 4
  m_LocalEulerAnglesHint: {x: 0, y: 0, z: 0}
  m_AnchorMin: {x: 0.5, y: 0.5}
  m_AnchorMax: {x: 0.5, y: 0.5}
  m_AnchoredPosition: {x: 0, y: 435}
  m_SizeDelta: {x: 519.5, y: 30}
  m_Pivot: {x: 0.5, y: 0.5}
--- !u!222 &6933284768491037442
CanvasRenderer:
  m_ObjectHideFlags: 0
  m_CorrespondingSourceObject: {fileID: 0}
  m_PrefabInstance: {fileID: 0}
  m_PrefabAsset: {fileID: 0}
  m_GameObject: {fileID: 2328933504028356934}
  m_CullTransparentMesh: 0
--- !u!114 &3039404720910918539
MonoBehaviour:
  m_ObjectHideFlags: 0
  m_CorrespondingSourceObject: {fileID: 0}
  m_PrefabInstance: {fileID: 0}
  m_PrefabAsset: {fileID: 0}
  m_GameObject: {fileID: 2328933504028356934}
  m_Enabled: 1
  m_EditorHideFlags: 0
  m_Script: {fileID: 708705254, guid: f70555f144d8491a825f0804e09c671c, type: 3}
  m_Name: 
  m_EditorClassIdentifier: 
  m_Material: {fileID: 0}
  m_Color: {r: 1, g: 1, b: 1, a: 1}
  m_RaycastTarget: 1
  m_OnCullStateChanged:
    m_PersistentCalls:
      m_Calls: []
    m_TypeName: UnityEngine.UI.MaskableGraphic+CullStateChangedEvent, UnityEngine.UI,
      Version=1.0.0.0, Culture=neutral, PublicKeyToken=null
  m_FontData:
    m_Font: {fileID: 12800000, guid: 4482f85f98010154ab97406ee278f84d, type: 3}
    m_FontSize: 58
    m_FontStyle: 0
    m_BestFit: 0
    m_MinSize: 10
    m_MaxSize: 300
    m_Alignment: 4
    m_AlignByGeometry: 0
    m_RichText: 1
    m_HorizontalOverflow: 0
    m_VerticalOverflow: 1
    m_LineSpacing: 1
  m_Text: Tap to Select the Trampoline
--- !u!1 &2726393375852301848
GameObject:
  m_ObjectHideFlags: 0
  m_CorrespondingSourceObject: {fileID: 0}
  m_PrefabInstance: {fileID: 0}
  m_PrefabAsset: {fileID: 0}
  serializedVersion: 6
  m_Component:
  - component: {fileID: 5550685602560404534}
  - component: {fileID: 431592217109056316}
  - component: {fileID: 5086802985246113253}
  m_Layer: 0
  m_Name: top
  m_TagString: Untagged
  m_Icon: {fileID: 0}
  m_NavMeshLayer: 0
  m_StaticEditorFlags: 0
  m_IsActive: 1
--- !u!224 &5550685602560404534
RectTransform:
  m_ObjectHideFlags: 0
  m_CorrespondingSourceObject: {fileID: 0}
  m_PrefabInstance: {fileID: 0}
  m_PrefabAsset: {fileID: 0}
  m_GameObject: {fileID: 2726393375852301848}
  m_LocalRotation: {x: -0, y: -0, z: -0, w: 1}
  m_LocalPosition: {x: 0, y: 0, z: 0}
  m_LocalScale: {x: 1, y: 1, z: 1}
  m_Children: []
  m_Father: {fileID: 4846187494736458617}
  m_RootOrder: 0
  m_LocalEulerAnglesHint: {x: 0, y: 0, z: 0}
  m_AnchorMin: {x: 0.5, y: 1}
  m_AnchorMax: {x: 0.5, y: 1}
  m_AnchoredPosition: {x: 0, y: 4000}
  m_SizeDelta: {x: 500, y: 8000}
  m_Pivot: {x: 0.5, y: 0.5}
--- !u!222 &431592217109056316
CanvasRenderer:
  m_ObjectHideFlags: 0
  m_CorrespondingSourceObject: {fileID: 0}
  m_PrefabInstance: {fileID: 0}
  m_PrefabAsset: {fileID: 0}
  m_GameObject: {fileID: 2726393375852301848}
  m_CullTransparentMesh: 0
--- !u!114 &5086802985246113253
MonoBehaviour:
  m_ObjectHideFlags: 0
  m_CorrespondingSourceObject: {fileID: 0}
  m_PrefabInstance: {fileID: 0}
  m_PrefabAsset: {fileID: 0}
  m_GameObject: {fileID: 2726393375852301848}
  m_Enabled: 1
  m_EditorHideFlags: 0
  m_Script: {fileID: -765806418, guid: f70555f144d8491a825f0804e09c671c, type: 3}
  m_Name: 
  m_EditorClassIdentifier: 
  m_Material: {fileID: 0}
  m_Color: {r: 0, g: 0, b: 0, a: 0.5647059}
  m_RaycastTarget: 0
  m_OnCullStateChanged:
    m_PersistentCalls:
      m_Calls: []
    m_TypeName: UnityEngine.UI.MaskableGraphic+CullStateChangedEvent, UnityEngine.UI,
      Version=1.0.0.0, Culture=neutral, PublicKeyToken=null
  m_Sprite: {fileID: 0}
  m_Type: 0
  m_PreserveAspect: 0
  m_FillCenter: 1
  m_FillMethod: 4
  m_FillAmount: 1
  m_FillClockwise: 1
  m_FillOrigin: 0
  m_UseSpriteMesh: 0
--- !u!1 &3364371698157164158
GameObject:
  m_ObjectHideFlags: 0
  m_CorrespondingSourceObject: {fileID: 0}
  m_PrefabInstance: {fileID: 0}
  m_PrefabAsset: {fileID: 0}
  serializedVersion: 6
  m_Component:
  - component: {fileID: 4186263013631788974}
  - component: {fileID: 6650662263034257670}
  - component: {fileID: 1398037871281401276}
  m_Layer: 0
  m_Name: top
  m_TagString: Untagged
  m_Icon: {fileID: 0}
  m_NavMeshLayer: 0
  m_StaticEditorFlags: 0
  m_IsActive: 1
--- !u!224 &4186263013631788974
RectTransform:
  m_ObjectHideFlags: 0
  m_CorrespondingSourceObject: {fileID: 0}
  m_PrefabInstance: {fileID: 0}
  m_PrefabAsset: {fileID: 0}
  m_GameObject: {fileID: 3364371698157164158}
  m_LocalRotation: {x: -0, y: -0, z: -0, w: 1}
  m_LocalPosition: {x: 0, y: 0, z: 0}
  m_LocalScale: {x: 1, y: 1, z: 1}
  m_Children: []
  m_Father: {fileID: 2530174449358929819}
  m_RootOrder: 0
  m_LocalEulerAnglesHint: {x: 0, y: 0, z: 0}
  m_AnchorMin: {x: 0.5, y: 1}
  m_AnchorMax: {x: 0.5, y: 1}
  m_AnchoredPosition: {x: 0, y: 4000}
  m_SizeDelta: {x: 500, y: 8000}
  m_Pivot: {x: 0.5, y: 0.5}
--- !u!222 &6650662263034257670
CanvasRenderer:
  m_ObjectHideFlags: 0
  m_CorrespondingSourceObject: {fileID: 0}
  m_PrefabInstance: {fileID: 0}
  m_PrefabAsset: {fileID: 0}
  m_GameObject: {fileID: 3364371698157164158}
  m_CullTransparentMesh: 0
--- !u!114 &1398037871281401276
MonoBehaviour:
  m_ObjectHideFlags: 0
  m_CorrespondingSourceObject: {fileID: 0}
  m_PrefabInstance: {fileID: 0}
  m_PrefabAsset: {fileID: 0}
  m_GameObject: {fileID: 3364371698157164158}
  m_Enabled: 1
  m_EditorHideFlags: 0
  m_Script: {fileID: -765806418, guid: f70555f144d8491a825f0804e09c671c, type: 3}
  m_Name: 
  m_EditorClassIdentifier: 
  m_Material: {fileID: 0}
  m_Color: {r: 0, g: 0, b: 0, a: 0.5647059}
  m_RaycastTarget: 0
  m_OnCullStateChanged:
    m_PersistentCalls:
      m_Calls: []
    m_TypeName: UnityEngine.UI.MaskableGraphic+CullStateChangedEvent, UnityEngine.UI,
      Version=1.0.0.0, Culture=neutral, PublicKeyToken=null
  m_Sprite: {fileID: 0}
  m_Type: 0
  m_PreserveAspect: 0
  m_FillCenter: 1
  m_FillMethod: 4
  m_FillAmount: 1
  m_FillClockwise: 1
  m_FillOrigin: 0
  m_UseSpriteMesh: 0
--- !u!1 &4397326486690594482
GameObject:
  m_ObjectHideFlags: 0
  m_CorrespondingSourceObject: {fileID: 0}
  m_PrefabInstance: {fileID: 0}
  m_PrefabAsset: {fileID: 0}
  serializedVersion: 6
  m_Component:
  - component: {fileID: 6531004181856352324}
  - component: {fileID: 5810397740518319933}
  - component: {fileID: 283727007485045079}
  m_Layer: 0
  m_Name: Hand
  m_TagString: Untagged
  m_Icon: {fileID: 0}
  m_NavMeshLayer: 0
  m_StaticEditorFlags: 0
  m_IsActive: 1
--- !u!224 &6531004181856352324
RectTransform:
  m_ObjectHideFlags: 0
  m_CorrespondingSourceObject: {fileID: 0}
  m_PrefabInstance: {fileID: 0}
  m_PrefabAsset: {fileID: 0}
  m_GameObject: {fileID: 4397326486690594482}
  m_LocalRotation: {x: -0, y: -0, z: -0, w: 1}
  m_LocalPosition: {x: 0, y: 0, z: 0}
  m_LocalScale: {x: 1, y: 1, z: 1}
  m_Children: []
  m_Father: {fileID: 91035228259868572}
  m_RootOrder: 0
  m_LocalEulerAnglesHint: {x: 0, y: 0, z: 0}
  m_AnchorMin: {x: 0.5, y: 0.5}
  m_AnchorMax: {x: 0.5, y: 0.5}
  m_AnchoredPosition: {x: 11.3, y: -31.09999}
  m_SizeDelta: {x: 80, y: 80}
  m_Pivot: {x: 0.5, y: 0.5}
--- !u!222 &5810397740518319933
CanvasRenderer:
  m_ObjectHideFlags: 0
  m_CorrespondingSourceObject: {fileID: 0}
  m_PrefabInstance: {fileID: 0}
  m_PrefabAsset: {fileID: 0}
  m_GameObject: {fileID: 4397326486690594482}
  m_CullTransparentMesh: 0
--- !u!114 &283727007485045079
MonoBehaviour:
  m_ObjectHideFlags: 0
  m_CorrespondingSourceObject: {fileID: 0}
  m_PrefabInstance: {fileID: 0}
  m_PrefabAsset: {fileID: 0}
  m_GameObject: {fileID: 4397326486690594482}
  m_Enabled: 1
  m_EditorHideFlags: 0
  m_Script: {fileID: -765806418, guid: f70555f144d8491a825f0804e09c671c, type: 3}
  m_Name: 
  m_EditorClassIdentifier: 
  m_Material: {fileID: 0}
  m_Color: {r: 1, g: 1, b: 1, a: 1}
  m_RaycastTarget: 0
  m_OnCullStateChanged:
    m_PersistentCalls:
      m_Calls: []
    m_TypeName: UnityEngine.UI.MaskableGraphic+CullStateChangedEvent, UnityEngine.UI,
      Version=1.0.0.0, Culture=neutral, PublicKeyToken=null
  m_Sprite: {fileID: 21300000, guid: 333fc0c07d43788459f35b4d31aa25a9, type: 3}
  m_Type: 0
  m_PreserveAspect: 0
  m_FillCenter: 1
  m_FillMethod: 4
  m_FillAmount: 1
  m_FillClockwise: 1
  m_FillOrigin: 0
  m_UseSpriteMesh: 0
--- !u!1 &4747417045970812325
GameObject:
  m_ObjectHideFlags: 0
  m_CorrespondingSourceObject: {fileID: 0}
  m_PrefabInstance: {fileID: 0}
  m_PrefabAsset: {fileID: 0}
  serializedVersion: 6
  m_Component:
  - component: {fileID: 6225188239285921366}
  - component: {fileID: 5626372677830372374}
  - component: {fileID: 8099577284404823020}
  m_Layer: 0
  m_Name: Hand
  m_TagString: Untagged
  m_Icon: {fileID: 0}
  m_NavMeshLayer: 0
  m_StaticEditorFlags: 0
  m_IsActive: 1
--- !u!224 &6225188239285921366
RectTransform:
  m_ObjectHideFlags: 0
  m_CorrespondingSourceObject: {fileID: 0}
  m_PrefabInstance: {fileID: 0}
  m_PrefabAsset: {fileID: 0}
  m_GameObject: {fileID: 4747417045970812325}
  m_LocalRotation: {x: -0, y: -0, z: -0, w: 1}
  m_LocalPosition: {x: 0, y: 0, z: 0}
  m_LocalScale: {x: 1, y: 1, z: 1}
  m_Children: []
  m_Father: {fileID: 489265090920983806}
  m_RootOrder: 0
  m_LocalEulerAnglesHint: {x: 0, y: 0, z: 0}
  m_AnchorMin: {x: 0.5, y: 0.5}
  m_AnchorMax: {x: 0.5, y: 0.5}
  m_AnchoredPosition: {x: 11.3, y: -31.09999}
  m_SizeDelta: {x: 80, y: 80}
  m_Pivot: {x: 0.5, y: 0.5}
--- !u!222 &5626372677830372374
CanvasRenderer:
  m_ObjectHideFlags: 0
  m_CorrespondingSourceObject: {fileID: 0}
  m_PrefabInstance: {fileID: 0}
  m_PrefabAsset: {fileID: 0}
  m_GameObject: {fileID: 4747417045970812325}
  m_CullTransparentMesh: 0
--- !u!114 &8099577284404823020
MonoBehaviour:
  m_ObjectHideFlags: 0
  m_CorrespondingSourceObject: {fileID: 0}
  m_PrefabInstance: {fileID: 0}
  m_PrefabAsset: {fileID: 0}
  m_GameObject: {fileID: 4747417045970812325}
  m_Enabled: 1
  m_EditorHideFlags: 0
  m_Script: {fileID: -765806418, guid: f70555f144d8491a825f0804e09c671c, type: 3}
  m_Name: 
  m_EditorClassIdentifier: 
  m_Material: {fileID: 0}
  m_Color: {r: 1, g: 1, b: 1, a: 1}
  m_RaycastTarget: 0
  m_OnCullStateChanged:
    m_PersistentCalls:
      m_Calls: []
    m_TypeName: UnityEngine.UI.MaskableGraphic+CullStateChangedEvent, UnityEngine.UI,
      Version=1.0.0.0, Culture=neutral, PublicKeyToken=null
  m_Sprite: {fileID: 21300000, guid: 333fc0c07d43788459f35b4d31aa25a9, type: 3}
  m_Type: 0
  m_PreserveAspect: 0
  m_FillCenter: 1
  m_FillMethod: 4
  m_FillAmount: 1
  m_FillClockwise: 1
  m_FillOrigin: 0
  m_UseSpriteMesh: 0
--- !u!1 &4843912308868718917
GameObject:
  m_ObjectHideFlags: 0
  m_CorrespondingSourceObject: {fileID: 0}
  m_PrefabInstance: {fileID: 0}
  m_PrefabAsset: {fileID: 0}
  serializedVersion: 6
  m_Component:
  - component: {fileID: 1921299001760281014}
  - component: {fileID: 3516506384930731448}
  - component: {fileID: 5789251661851881547}
  m_Layer: 0
  m_Name: bigRight
  m_TagString: Untagged
  m_Icon: {fileID: 0}
  m_NavMeshLayer: 0
  m_StaticEditorFlags: 0
  m_IsActive: 1
--- !u!224 &1921299001760281014
RectTransform:
  m_ObjectHideFlags: 0
  m_CorrespondingSourceObject: {fileID: 0}
  m_PrefabInstance: {fileID: 0}
  m_PrefabAsset: {fileID: 0}
  m_GameObject: {fileID: 4843912308868718917}
  m_LocalRotation: {x: -0, y: -0, z: -0, w: 1}
  m_LocalPosition: {x: 0, y: 0, z: 0}
  m_LocalScale: {x: 1, y: 1, z: 1}
  m_Children: []
  m_Father: {fileID: 2530174449358929819}
  m_RootOrder: 2
  m_LocalEulerAnglesHint: {x: 0, y: 0, z: 0}
  m_AnchorMin: {x: 1, y: 0.5}
  m_AnchorMax: {x: 1, y: 0.5}
  m_AnchoredPosition: {x: 2000, y: 0}
  m_SizeDelta: {x: 4000, y: 16500}
  m_Pivot: {x: 0.5, y: 0.5}
--- !u!222 &3516506384930731448
CanvasRenderer:
  m_ObjectHideFlags: 0
  m_CorrespondingSourceObject: {fileID: 0}
  m_PrefabInstance: {fileID: 0}
  m_PrefabAsset: {fileID: 0}
  m_GameObject: {fileID: 4843912308868718917}
  m_CullTransparentMesh: 0
--- !u!114 &5789251661851881547
MonoBehaviour:
  m_ObjectHideFlags: 0
  m_CorrespondingSourceObject: {fileID: 0}
  m_PrefabInstance: {fileID: 0}
  m_PrefabAsset: {fileID: 0}
  m_GameObject: {fileID: 4843912308868718917}
  m_Enabled: 1
  m_EditorHideFlags: 0
  m_Script: {fileID: -765806418, guid: f70555f144d8491a825f0804e09c671c, type: 3}
  m_Name: 
  m_EditorClassIdentifier: 
  m_Material: {fileID: 0}
  m_Color: {r: 0, g: 0, b: 0, a: 0.5647059}
  m_RaycastTarget: 0
  m_OnCullStateChanged:
    m_PersistentCalls:
      m_Calls: []
    m_TypeName: UnityEngine.UI.MaskableGraphic+CullStateChangedEvent, UnityEngine.UI,
      Version=1.0.0.0, Culture=neutral, PublicKeyToken=null
  m_Sprite: {fileID: 0}
  m_Type: 0
  m_PreserveAspect: 0
  m_FillCenter: 1
  m_FillMethod: 4
  m_FillAmount: 1
  m_FillClockwise: 1
  m_FillOrigin: 0
  m_UseSpriteMesh: 0
--- !u!1 &4922744285261455197
GameObject:
  m_ObjectHideFlags: 0
  m_CorrespondingSourceObject: {fileID: 0}
  m_PrefabInstance: {fileID: 0}
  m_PrefabAsset: {fileID: 0}
  serializedVersion: 6
  m_Component:
  - component: {fileID: 7305179048925081991}
  - component: {fileID: 4259676818861565046}
  - component: {fileID: 1339058096849355746}
  m_Layer: 0
  m_Name: bigRight
  m_TagString: Untagged
  m_Icon: {fileID: 0}
  m_NavMeshLayer: 0
  m_StaticEditorFlags: 0
  m_IsActive: 1
--- !u!224 &7305179048925081991
RectTransform:
  m_ObjectHideFlags: 0
  m_CorrespondingSourceObject: {fileID: 0}
  m_PrefabInstance: {fileID: 0}
  m_PrefabAsset: {fileID: 0}
  m_GameObject: {fileID: 4922744285261455197}
  m_LocalRotation: {x: -0, y: -0, z: -0, w: 1}
  m_LocalPosition: {x: 0, y: 0, z: 0}
  m_LocalScale: {x: 1, y: 1, z: 1}
  m_Children: []
  m_Father: {fileID: 4846187494736458617}
  m_RootOrder: 2
  m_LocalEulerAnglesHint: {x: 0, y: 0, z: 0}
  m_AnchorMin: {x: 1, y: 0.5}
  m_AnchorMax: {x: 1, y: 0.5}
  m_AnchoredPosition: {x: 2000, y: 0}
  m_SizeDelta: {x: 4000, y: 16500}
  m_Pivot: {x: 0.5, y: 0.5}
--- !u!222 &4259676818861565046
CanvasRenderer:
  m_ObjectHideFlags: 0
  m_CorrespondingSourceObject: {fileID: 0}
  m_PrefabInstance: {fileID: 0}
  m_PrefabAsset: {fileID: 0}
  m_GameObject: {fileID: 4922744285261455197}
  m_CullTransparentMesh: 0
--- !u!114 &1339058096849355746
MonoBehaviour:
  m_ObjectHideFlags: 0
  m_CorrespondingSourceObject: {fileID: 0}
  m_PrefabInstance: {fileID: 0}
  m_PrefabAsset: {fileID: 0}
  m_GameObject: {fileID: 4922744285261455197}
  m_Enabled: 1
  m_EditorHideFlags: 0
  m_Script: {fileID: -765806418, guid: f70555f144d8491a825f0804e09c671c, type: 3}
  m_Name: 
  m_EditorClassIdentifier: 
  m_Material: {fileID: 0}
  m_Color: {r: 0, g: 0, b: 0, a: 0.5647059}
  m_RaycastTarget: 0
  m_OnCullStateChanged:
    m_PersistentCalls:
      m_Calls: []
    m_TypeName: UnityEngine.UI.MaskableGraphic+CullStateChangedEvent, UnityEngine.UI,
      Version=1.0.0.0, Culture=neutral, PublicKeyToken=null
  m_Sprite: {fileID: 0}
  m_Type: 0
  m_PreserveAspect: 0
  m_FillCenter: 1
  m_FillMethod: 4
  m_FillAmount: 1
  m_FillClockwise: 1
  m_FillOrigin: 0
  m_UseSpriteMesh: 0
--- !u!1 &4924640588962385006
GameObject:
  m_ObjectHideFlags: 0
  m_CorrespondingSourceObject: {fileID: 0}
  m_PrefabInstance: {fileID: 0}
  m_PrefabAsset: {fileID: 0}
  serializedVersion: 6
  m_Component:
  - component: {fileID: 3453891584380958740}
  - component: {fileID: 5270877338238042101}
  - component: {fileID: 1360553932271230599}
  m_Layer: 0
  m_Name: bigLeft
  m_TagString: Untagged
  m_Icon: {fileID: 0}
  m_NavMeshLayer: 0
  m_StaticEditorFlags: 0
  m_IsActive: 1
--- !u!224 &3453891584380958740
RectTransform:
  m_ObjectHideFlags: 0
  m_CorrespondingSourceObject: {fileID: 0}
  m_PrefabInstance: {fileID: 0}
  m_PrefabAsset: {fileID: 0}
  m_GameObject: {fileID: 4924640588962385006}
  m_LocalRotation: {x: -0, y: -0, z: -0, w: 1}
  m_LocalPosition: {x: 0, y: 0, z: 0}
  m_LocalScale: {x: 1, y: 1, z: 1}
  m_Children: []
  m_Father: {fileID: 4846187494736458617}
  m_RootOrder: 3
  m_LocalEulerAnglesHint: {x: 0, y: 0, z: 0}
  m_AnchorMin: {x: 0, y: 0.5}
  m_AnchorMax: {x: 0, y: 0.5}
  m_AnchoredPosition: {x: -2000, y: 0}
  m_SizeDelta: {x: 4000, y: 16500}
  m_Pivot: {x: 0.5, y: 0.5}
--- !u!222 &5270877338238042101
CanvasRenderer:
  m_ObjectHideFlags: 0
  m_CorrespondingSourceObject: {fileID: 0}
  m_PrefabInstance: {fileID: 0}
  m_PrefabAsset: {fileID: 0}
  m_GameObject: {fileID: 4924640588962385006}
  m_CullTransparentMesh: 0
--- !u!114 &1360553932271230599
MonoBehaviour:
  m_ObjectHideFlags: 0
  m_CorrespondingSourceObject: {fileID: 0}
  m_PrefabInstance: {fileID: 0}
  m_PrefabAsset: {fileID: 0}
  m_GameObject: {fileID: 4924640588962385006}
  m_Enabled: 1
  m_EditorHideFlags: 0
  m_Script: {fileID: -765806418, guid: f70555f144d8491a825f0804e09c671c, type: 3}
  m_Name: 
  m_EditorClassIdentifier: 
  m_Material: {fileID: 0}
  m_Color: {r: 0, g: 0, b: 0, a: 0.5647059}
  m_RaycastTarget: 0
  m_OnCullStateChanged:
    m_PersistentCalls:
      m_Calls: []
    m_TypeName: UnityEngine.UI.MaskableGraphic+CullStateChangedEvent, UnityEngine.UI,
      Version=1.0.0.0, Culture=neutral, PublicKeyToken=null
  m_Sprite: {fileID: 0}
  m_Type: 0
  m_PreserveAspect: 0
  m_FillCenter: 1
  m_FillMethod: 4
  m_FillAmount: 1
  m_FillClockwise: 1
  m_FillOrigin: 0
  m_UseSpriteMesh: 0
--- !u!1 &4933270940565018718
GameObject:
  m_ObjectHideFlags: 0
  m_CorrespondingSourceObject: {fileID: 0}
  m_PrefabInstance: {fileID: 0}
  m_PrefabAsset: {fileID: 0}
  serializedVersion: 6
  m_Component:
  - component: {fileID: 91035228259868572}
  m_Layer: 0
  m_Name: HandHolder
  m_TagString: Untagged
  m_Icon: {fileID: 0}
  m_NavMeshLayer: 0
  m_StaticEditorFlags: 0
  m_IsActive: 1
--- !u!224 &91035228259868572
RectTransform:
  m_ObjectHideFlags: 0
  m_CorrespondingSourceObject: {fileID: 0}
  m_PrefabInstance: {fileID: 0}
  m_PrefabAsset: {fileID: 0}
  m_GameObject: {fileID: 4933270940565018718}
  m_LocalRotation: {x: -0, y: -0, z: -0, w: 1}
  m_LocalPosition: {x: 0, y: 0, z: 0}
  m_LocalScale: {x: 1.3, y: 1.3, z: 1}
  m_Children:
  - {fileID: 6531004181856352324}
  - {fileID: 5914932502357285569}
  m_Father: {fileID: 2604172422253766286}
  m_RootOrder: 0
  m_LocalEulerAnglesHint: {x: 0, y: 0, z: 0}
  m_AnchorMin: {x: 0.5, y: 0.5}
  m_AnchorMax: {x: 0.5, y: 0.5}
  m_AnchoredPosition: {x: -0, y: -0.000061035156}
  m_SizeDelta: {x: 100, y: 100}
  m_Pivot: {x: 0.5, y: 0.5}
--- !u!1 &5541855676615751680
GameObject:
  m_ObjectHideFlags: 0
  m_CorrespondingSourceObject: {fileID: 0}
  m_PrefabInstance: {fileID: 0}
  m_PrefabAsset: {fileID: 0}
  serializedVersion: 6
  m_Component:
  - component: {fileID: 7289654489654080040}
  - component: {fileID: 6794774108477651260}
  m_Layer: 0
  m_Name: Animated Hand (1)
  m_TagString: Untagged
  m_Icon: {fileID: 0}
  m_NavMeshLayer: 0
  m_StaticEditorFlags: 0
  m_IsActive: 1
--- !u!224 &7289654489654080040
RectTransform:
  m_ObjectHideFlags: 0
  m_CorrespondingSourceObject: {fileID: 0}
  m_PrefabInstance: {fileID: 0}
  m_PrefabAsset: {fileID: 0}
  m_GameObject: {fileID: 5541855676615751680}
  m_LocalRotation: {x: -0, y: -0, z: -0, w: 1}
  m_LocalPosition: {x: 0, y: 0, z: 0}
  m_LocalScale: {x: 1, y: 1, z: 1}
  m_Children:
  - {fileID: 489265090920983806}
  m_Father: {fileID: 911801087701908130}
  m_RootOrder: 1
  m_LocalEulerAnglesHint: {x: 0, y: 0, z: 0}
  m_AnchorMin: {x: 0.5, y: 0.5}
  m_AnchorMax: {x: 0.5, y: 0.5}
  m_AnchoredPosition: {x: 62.000008, y: 32.000122}
  m_SizeDelta: {x: 900, y: 1800}
  m_Pivot: {x: 0.5, y: 0.5}
--- !u!95 &6794774108477651260
Animator:
  serializedVersion: 3
  m_ObjectHideFlags: 0
  m_CorrespondingSourceObject: {fileID: 0}
  m_PrefabInstance: {fileID: 0}
  m_PrefabAsset: {fileID: 0}
  m_GameObject: {fileID: 5541855676615751680}
  m_Enabled: 1
  m_Avatar: {fileID: 0}
  m_Controller: {fileID: 9100000, guid: 987717b9a12e36849935634e941f9e22, type: 2}
  m_CullingMode: 0
  m_UpdateMode: 0
  m_ApplyRootMotion: 0
  m_LinearVelocityBlending: 0
  m_WarningMessage: 
  m_HasTransformHierarchy: 1
  m_AllowConstantClipSamplingOptimization: 1
  m_KeepAnimatorControllerStateOnDisable: 0
--- !u!1 &6807519546536220717
GameObject:
  m_ObjectHideFlags: 0
  m_CorrespondingSourceObject: {fileID: 0}
  m_PrefabInstance: {fileID: 0}
  m_PrefabAsset: {fileID: 0}
  serializedVersion: 6
  m_Component:
  - component: {fileID: 5556852561439582501}
  - component: {fileID: 498447553621157672}
  - component: {fileID: 2179747790569135549}
  m_Layer: 0
  m_Name: bot
  m_TagString: Untagged
  m_Icon: {fileID: 0}
  m_NavMeshLayer: 0
  m_StaticEditorFlags: 0
  m_IsActive: 1
--- !u!224 &5556852561439582501
RectTransform:
  m_ObjectHideFlags: 0
  m_CorrespondingSourceObject: {fileID: 0}
  m_PrefabInstance: {fileID: 0}
  m_PrefabAsset: {fileID: 0}
  m_GameObject: {fileID: 6807519546536220717}
  m_LocalRotation: {x: -0, y: -0, z: -0, w: 1}
  m_LocalPosition: {x: 0, y: 0, z: 0}
  m_LocalScale: {x: 1, y: 1, z: 1}
  m_Children: []
  m_Father: {fileID: 4846187494736458617}
  m_RootOrder: 1
  m_LocalEulerAnglesHint: {x: 0, y: 0, z: 0}
  m_AnchorMin: {x: 0.5, y: 0}
  m_AnchorMax: {x: 0.5, y: 0}
  m_AnchoredPosition: {x: 0, y: -4000}
  m_SizeDelta: {x: 500, y: 8000}
  m_Pivot: {x: 0.5, y: 0.5}
--- !u!222 &498447553621157672
CanvasRenderer:
  m_ObjectHideFlags: 0
  m_CorrespondingSourceObject: {fileID: 0}
  m_PrefabInstance: {fileID: 0}
  m_PrefabAsset: {fileID: 0}
  m_GameObject: {fileID: 6807519546536220717}
  m_CullTransparentMesh: 0
--- !u!114 &2179747790569135549
MonoBehaviour:
  m_ObjectHideFlags: 0
  m_CorrespondingSourceObject: {fileID: 0}
  m_PrefabInstance: {fileID: 0}
  m_PrefabAsset: {fileID: 0}
  m_GameObject: {fileID: 6807519546536220717}
  m_Enabled: 1
  m_EditorHideFlags: 0
  m_Script: {fileID: -765806418, guid: f70555f144d8491a825f0804e09c671c, type: 3}
  m_Name: 
  m_EditorClassIdentifier: 
  m_Material: {fileID: 0}
  m_Color: {r: 0, g: 0, b: 0, a: 0.5647059}
  m_RaycastTarget: 0
  m_OnCullStateChanged:
    m_PersistentCalls:
      m_Calls: []
    m_TypeName: UnityEngine.UI.MaskableGraphic+CullStateChangedEvent, UnityEngine.UI,
      Version=1.0.0.0, Culture=neutral, PublicKeyToken=null
  m_Sprite: {fileID: 0}
  m_Type: 0
  m_PreserveAspect: 0
  m_FillCenter: 1
  m_FillMethod: 4
  m_FillAmount: 1
  m_FillClockwise: 1
  m_FillOrigin: 0
  m_UseSpriteMesh: 0
--- !u!1 &6850945873892976749
GameObject:
  m_ObjectHideFlags: 0
  m_CorrespondingSourceObject: {fileID: 0}
  m_PrefabInstance: {fileID: 0}
  m_PrefabAsset: {fileID: 0}
  serializedVersion: 6
  m_Component:
  - component: {fileID: 2604172422253766286}
  - component: {fileID: 472262805591327480}
  m_Layer: 0
  m_Name: Animated Hand (2)
  m_TagString: Untagged
  m_Icon: {fileID: 0}
  m_NavMeshLayer: 0
  m_StaticEditorFlags: 0
  m_IsActive: 1
--- !u!224 &2604172422253766286
RectTransform:
  m_ObjectHideFlags: 0
  m_CorrespondingSourceObject: {fileID: 0}
  m_PrefabInstance: {fileID: 0}
  m_PrefabAsset: {fileID: 0}
  m_GameObject: {fileID: 6850945873892976749}
  m_LocalRotation: {x: -0, y: -0, z: -0, w: 1}
  m_LocalPosition: {x: 0, y: 0, z: 0}
  m_LocalScale: {x: 1.5320544, y: 1.5320544, z: 1.5320544}
  m_Children:
  - {fileID: 91035228259868572}
  m_Father: {fileID: 825555410824122182}
  m_RootOrder: 1
  m_LocalEulerAnglesHint: {x: 0, y: 0, z: 0}
  m_AnchorMin: {x: 0.5, y: 0.5}
  m_AnchorMax: {x: 0.5, y: 0.5}
  m_AnchoredPosition: {x: 0.00005722046, y: -38.30134}
  m_SizeDelta: {x: 900, y: 1800}
  m_Pivot: {x: 0.5, y: 0.5}
--- !u!95 &472262805591327480
Animator:
  serializedVersion: 3
  m_ObjectHideFlags: 0
  m_CorrespondingSourceObject: {fileID: 0}
  m_PrefabInstance: {fileID: 0}
  m_PrefabAsset: {fileID: 0}
  m_GameObject: {fileID: 6850945873892976749}
  m_Enabled: 1
  m_Avatar: {fileID: 0}
  m_Controller: {fileID: 9100000, guid: 987717b9a12e36849935634e941f9e22, type: 2}
  m_CullingMode: 0
  m_UpdateMode: 0
  m_ApplyRootMotion: 0
  m_LinearVelocityBlending: 0
  m_WarningMessage: 
  m_HasTransformHierarchy: 1
  m_AllowConstantClipSamplingOptimization: 1
  m_KeepAnimatorControllerStateOnDisable: 0
--- !u!1 &7288712215185863022
GameObject:
  m_ObjectHideFlags: 0
  m_CorrespondingSourceObject: {fileID: 0}
  m_PrefabInstance: {fileID: 0}
  m_PrefabAsset: {fileID: 0}
  serializedVersion: 6
  m_Component:
  - component: {fileID: 219992728802884362}
  - component: {fileID: 8442548449916683679}
  - component: {fileID: 4844991924668519354}
  - component: {fileID: 7726775919679674055}
  - component: {fileID: 1938360334451240337}
  m_Layer: 5
  m_Name: Tutorial1
  m_TagString: Untagged
  m_Icon: {fileID: 0}
  m_NavMeshLayer: 0
  m_StaticEditorFlags: 0
  m_IsActive: 1
--- !u!224 &219992728802884362
RectTransform:
  m_ObjectHideFlags: 0
  m_CorrespondingSourceObject: {fileID: 0}
  m_PrefabInstance: {fileID: 0}
  m_PrefabAsset: {fileID: 0}
  m_GameObject: {fileID: 7288712215185863022}
  m_LocalRotation: {x: 0, y: 0, z: 0, w: 1}
  m_LocalPosition: {x: 0, y: 0, z: 0}
  m_LocalScale: {x: 0, y: 0, z: 0}
  m_Children:
  - {fileID: 4189313790267341638}
  - {fileID: 8880040744395142868}
  - {fileID: 911801087701908130}
  - {fileID: 825555410824122182}
  - {fileID: 6496192198236736519}
  m_Father: {fileID: 7020761276968831024}
  m_RootOrder: 5
  m_LocalEulerAnglesHint: {x: 0, y: 0, z: 0}
  m_AnchorMin: {x: 0, y: 0}
  m_AnchorMax: {x: 0, y: 0}
  m_AnchoredPosition: {x: 0, y: 0}
  m_SizeDelta: {x: 0, y: 0}
  m_Pivot: {x: 0, y: 0}
--- !u!223 &8442548449916683679
Canvas:
  m_ObjectHideFlags: 0
  m_CorrespondingSourceObject: {fileID: 0}
  m_PrefabInstance: {fileID: 0}
  m_PrefabAsset: {fileID: 0}
  m_GameObject: {fileID: 7288712215185863022}
  m_Enabled: 1
  serializedVersion: 3
  m_RenderMode: 0
  m_Camera: {fileID: 0}
  m_PlaneDistance: 100
  m_PixelPerfect: 0
  m_ReceivesEvents: 1
  m_OverrideSorting: 0
  m_OverridePixelPerfect: 0
  m_SortingBucketNormalizedSize: 0
  m_AdditionalShaderChannelsFlag: 0
  m_SortingLayerID: 0
  m_SortingOrder: 100
  m_TargetDisplay: 0
--- !u!114 &4844991924668519354
MonoBehaviour:
  m_ObjectHideFlags: 0
  m_CorrespondingSourceObject: {fileID: 0}
  m_PrefabInstance: {fileID: 0}
  m_PrefabAsset: {fileID: 0}
  m_GameObject: {fileID: 7288712215185863022}
  m_Enabled: 1
  m_EditorHideFlags: 0
  m_Script: {fileID: 1980459831, guid: f70555f144d8491a825f0804e09c671c, type: 3}
  m_Name: 
  m_EditorClassIdentifier: 
  m_UiScaleMode: 1
  m_ReferencePixelsPerUnit: 100
  m_ScaleFactor: 1
  m_ReferenceResolution: {x: 900, y: 1600}
  m_ScreenMatchMode: 0
  m_MatchWidthOrHeight: 1
  m_PhysicalUnit: 3
  m_FallbackScreenDPI: 96
  m_DefaultSpriteDPI: 96
  m_DynamicPixelsPerUnit: 1
--- !u!114 &7726775919679674055
MonoBehaviour:
  m_ObjectHideFlags: 0
  m_CorrespondingSourceObject: {fileID: 0}
  m_PrefabInstance: {fileID: 0}
  m_PrefabAsset: {fileID: 0}
  m_GameObject: {fileID: 7288712215185863022}
  m_Enabled: 1
  m_EditorHideFlags: 0
  m_Script: {fileID: 1301386320, guid: f70555f144d8491a825f0804e09c671c, type: 3}
  m_Name: 
  m_EditorClassIdentifier: 
  m_IgnoreReversedGraphics: 1
  m_BlockingObjects: 0
  m_BlockingMask:
    serializedVersion: 2
    m_Bits: 4294967295
--- !u!114 &1938360334451240337
MonoBehaviour:
  m_ObjectHideFlags: 0
  m_CorrespondingSourceObject: {fileID: 0}
  m_PrefabInstance: {fileID: 0}
  m_PrefabAsset: {fileID: 0}
  m_GameObject: {fileID: 7288712215185863022}
  m_Enabled: 1
  m_EditorHideFlags: 0
  m_Script: {fileID: 11500000, guid: b1cc9eee1fb888947967cd9c87a28167, type: 3}
  m_Name: 
  m_EditorClassIdentifier: 
  stage1: {fileID: 9082182594022076251}
  stage2: {fileID: 8819248487554332117}
  tutText: {fileID: 3039404720910918539}
  firstInstruction: Tap to select the trampoline
  secondInstruction: Tap here to place
--- !u!1 &7858499247351847617
GameObject:
  m_ObjectHideFlags: 0
  m_CorrespondingSourceObject: {fileID: 0}
  m_PrefabInstance: {fileID: 0}
  m_PrefabAsset: {fileID: 0}
  serializedVersion: 6
  m_Component:
  - component: {fileID: 487162852882935731}
  - component: {fileID: 231124434339700231}
  - component: {fileID: 6875102690364624593}
  m_Layer: 0
  m_Name: bigLeft
  m_TagString: Untagged
  m_Icon: {fileID: 0}
  m_NavMeshLayer: 0
  m_StaticEditorFlags: 0
  m_IsActive: 1
--- !u!224 &487162852882935731
RectTransform:
  m_ObjectHideFlags: 0
  m_CorrespondingSourceObject: {fileID: 0}
  m_PrefabInstance: {fileID: 0}
  m_PrefabAsset: {fileID: 0}
  m_GameObject: {fileID: 7858499247351847617}
  m_LocalRotation: {x: -0, y: -0, z: -0, w: 1}
  m_LocalPosition: {x: 0, y: 0, z: 0}
  m_LocalScale: {x: 1, y: 1, z: 1}
  m_Children: []
  m_Father: {fileID: 2530174449358929819}
  m_RootOrder: 3
  m_LocalEulerAnglesHint: {x: 0, y: 0, z: 0}
  m_AnchorMin: {x: 0, y: 0.5}
  m_AnchorMax: {x: 0, y: 0.5}
  m_AnchoredPosition: {x: -2000, y: 0}
  m_SizeDelta: {x: 4000, y: 16500}
  m_Pivot: {x: 0.5, y: 0.5}
--- !u!222 &231124434339700231
CanvasRenderer:
  m_ObjectHideFlags: 0
  m_CorrespondingSourceObject: {fileID: 0}
  m_PrefabInstance: {fileID: 0}
  m_PrefabAsset: {fileID: 0}
  m_GameObject: {fileID: 7858499247351847617}
  m_CullTransparentMesh: 0
--- !u!114 &6875102690364624593
MonoBehaviour:
  m_ObjectHideFlags: 0
  m_CorrespondingSourceObject: {fileID: 0}
  m_PrefabInstance: {fileID: 0}
  m_PrefabAsset: {fileID: 0}
  m_GameObject: {fileID: 7858499247351847617}
  m_Enabled: 1
  m_EditorHideFlags: 0
  m_Script: {fileID: -765806418, guid: f70555f144d8491a825f0804e09c671c, type: 3}
  m_Name: 
  m_EditorClassIdentifier: 
  m_Material: {fileID: 0}
  m_Color: {r: 0, g: 0, b: 0, a: 0.5647059}
  m_RaycastTarget: 0
  m_OnCullStateChanged:
    m_PersistentCalls:
      m_Calls: []
    m_TypeName: UnityEngine.UI.MaskableGraphic+CullStateChangedEvent, UnityEngine.UI,
      Version=1.0.0.0, Culture=neutral, PublicKeyToken=null
  m_Sprite: {fileID: 0}
  m_Type: 0
  m_PreserveAspect: 0
  m_FillCenter: 1
  m_FillMethod: 4
  m_FillAmount: 1
  m_FillClockwise: 1
  m_FillOrigin: 0
  m_UseSpriteMesh: 0
--- !u!1 &8051668114256789789
GameObject:
  m_ObjectHideFlags: 0
  m_CorrespondingSourceObject: {fileID: 0}
  m_PrefabInstance: {fileID: 0}
  m_PrefabAsset: {fileID: 0}
  serializedVersion: 6
  m_Component:
  - component: {fileID: 2521676572219501077}
  - component: {fileID: 6918194743478103299}
  - component: {fileID: 6885188079353725490}
  m_Layer: 0
  m_Name: bot
  m_TagString: Untagged
  m_Icon: {fileID: 0}
  m_NavMeshLayer: 0
  m_StaticEditorFlags: 0
  m_IsActive: 1
--- !u!224 &2521676572219501077
RectTransform:
  m_ObjectHideFlags: 0
  m_CorrespondingSourceObject: {fileID: 0}
  m_PrefabInstance: {fileID: 0}
  m_PrefabAsset: {fileID: 0}
  m_GameObject: {fileID: 8051668114256789789}
  m_LocalRotation: {x: -0, y: -0, z: -0, w: 1}
  m_LocalPosition: {x: 0, y: 0, z: 0}
  m_LocalScale: {x: 1, y: 1, z: 1}
  m_Children: []
  m_Father: {fileID: 2530174449358929819}
  m_RootOrder: 1
  m_LocalEulerAnglesHint: {x: 0, y: 0, z: 0}
  m_AnchorMin: {x: 0.5, y: 0}
  m_AnchorMax: {x: 0.5, y: 0}
  m_AnchoredPosition: {x: 0, y: -4000}
  m_SizeDelta: {x: 500, y: 8000}
  m_Pivot: {x: 0.5, y: 0.5}
--- !u!222 &6918194743478103299
CanvasRenderer:
  m_ObjectHideFlags: 0
  m_CorrespondingSourceObject: {fileID: 0}
  m_PrefabInstance: {fileID: 0}
  m_PrefabAsset: {fileID: 0}
  m_GameObject: {fileID: 8051668114256789789}
  m_CullTransparentMesh: 0
--- !u!114 &6885188079353725490
MonoBehaviour:
  m_ObjectHideFlags: 0
  m_CorrespondingSourceObject: {fileID: 0}
  m_PrefabInstance: {fileID: 0}
  m_PrefabAsset: {fileID: 0}
  m_GameObject: {fileID: 8051668114256789789}
  m_Enabled: 1
  m_EditorHideFlags: 0
  m_Script: {fileID: -765806418, guid: f70555f144d8491a825f0804e09c671c, type: 3}
  m_Name: 
  m_EditorClassIdentifier: 
  m_Material: {fileID: 0}
  m_Color: {r: 0, g: 0, b: 0, a: 0.5647059}
  m_RaycastTarget: 0
  m_OnCullStateChanged:
    m_PersistentCalls:
      m_Calls: []
    m_TypeName: UnityEngine.UI.MaskableGraphic+CullStateChangedEvent, UnityEngine.UI,
      Version=1.0.0.0, Culture=neutral, PublicKeyToken=null
  m_Sprite: {fileID: 0}
  m_Type: 0
  m_PreserveAspect: 0
  m_FillCenter: 1
  m_FillMethod: 4
  m_FillAmount: 1
  m_FillClockwise: 1
  m_FillOrigin: 0
  m_UseSpriteMesh: 0
--- !u!1 &8372415432387650868
GameObject:
  m_ObjectHideFlags: 0
  m_CorrespondingSourceObject: {fileID: 0}
  m_PrefabInstance: {fileID: 0}
  m_PrefabAsset: {fileID: 0}
  serializedVersion: 6
  m_Component:
  - component: {fileID: 2530174449358929819}
  - component: {fileID: 7734823249916234712}
  - component: {fileID: 1660309954949979206}
  m_Layer: 0
  m_Name: Item
  m_TagString: Untagged
  m_Icon: {fileID: 0}
  m_NavMeshLayer: 0
  m_StaticEditorFlags: 0
  m_IsActive: 1
--- !u!224 &2530174449358929819
RectTransform:
  m_ObjectHideFlags: 0
  m_CorrespondingSourceObject: {fileID: 0}
  m_PrefabInstance: {fileID: 0}
  m_PrefabAsset: {fileID: 0}
  m_GameObject: {fileID: 8372415432387650868}
  m_LocalRotation: {x: -0, y: -0, z: -0, w: 1}
  m_LocalPosition: {x: 0, y: 0, z: 0}
  m_LocalScale: {x: 0.5, y: 0.5, z: 0.5}
  m_Children:
  - {fileID: 4186263013631788974}
  - {fileID: 2521676572219501077}
  - {fileID: 1921299001760281014}
  - {fileID: 487162852882935731}
  m_Father: {fileID: 825555410824122182}
  m_RootOrder: 0
  m_LocalEulerAnglesHint: {x: 0, y: 0, z: 0}
  m_AnchorMin: {x: 0.5, y: 0.5}
  m_AnchorMax: {x: 0.5, y: 0.5}
  m_AnchoredPosition: {x: 0, y: 0}
  m_SizeDelta: {x: 500, y: 500}
  m_Pivot: {x: 0.5, y: 0.5}
--- !u!222 &7734823249916234712
CanvasRenderer:
  m_ObjectHideFlags: 0
  m_CorrespondingSourceObject: {fileID: 0}
  m_PrefabInstance: {fileID: 0}
  m_PrefabAsset: {fileID: 0}
  m_GameObject: {fileID: 8372415432387650868}
  m_CullTransparentMesh: 0
--- !u!114 &1660309954949979206
MonoBehaviour:
  m_ObjectHideFlags: 0
  m_CorrespondingSourceObject: {fileID: 0}
  m_PrefabInstance: {fileID: 0}
  m_PrefabAsset: {fileID: 0}
  m_GameObject: {fileID: 8372415432387650868}
  m_Enabled: 1
  m_EditorHideFlags: 0
  m_Script: {fileID: -765806418, guid: f70555f144d8491a825f0804e09c671c, type: 3}
  m_Name: 
  m_EditorClassIdentifier: 
  m_Material: {fileID: 0}
  m_Color: {r: 0, g: 0, b: 0, a: 0.5647059}
  m_RaycastTarget: 0
  m_OnCullStateChanged:
    m_PersistentCalls:
      m_Calls: []
    m_TypeName: UnityEngine.UI.MaskableGraphic+CullStateChangedEvent, UnityEngine.UI,
      Version=1.0.0.0, Culture=neutral, PublicKeyToken=null
  m_Sprite: {fileID: 21300000, guid: 24f49cee040dce54a839b2439890e29f, type: 3}
  m_Type: 0
  m_PreserveAspect: 0
  m_FillCenter: 1
  m_FillMethod: 4
  m_FillAmount: 1
  m_FillClockwise: 1
  m_FillOrigin: 0
  m_UseSpriteMesh: 0
--- !u!1 &8819248487554332117
GameObject:
  m_ObjectHideFlags: 0
  m_CorrespondingSourceObject: {fileID: 0}
  m_PrefabInstance: {fileID: 0}
  m_PrefabAsset: {fileID: 0}
  serializedVersion: 6
  m_Component:
  - component: {fileID: 825555410824122182}
  m_Layer: 0
  m_Name: BlackFilter (2)
  m_TagString: Untagged
  m_Icon: {fileID: 0}
  m_NavMeshLayer: 0
  m_StaticEditorFlags: 0
  m_IsActive: 1
--- !u!224 &825555410824122182
RectTransform:
  m_ObjectHideFlags: 0
  m_CorrespondingSourceObject: {fileID: 0}
  m_PrefabInstance: {fileID: 0}
  m_PrefabAsset: {fileID: 0}
  m_GameObject: {fileID: 8819248487554332117}
  m_LocalRotation: {x: -0, y: -0, z: -0, w: 1}
  m_LocalPosition: {x: 0, y: 0, z: -12.244898}
  m_LocalScale: {x: 0.6527183, y: 0.6527183, z: 0.6527183}
  m_Children:
  - {fileID: 2530174449358929819}
  - {fileID: 2604172422253766286}
  m_Father: {fileID: 219992728802884362}
  m_RootOrder: 3
  m_LocalEulerAnglesHint: {x: 0, y: 0, z: 0}
  m_AnchorMin: {x: 0.5, y: 0.5}
  m_AnchorMax: {x: 0.5, y: 0.5}
  m_AnchoredPosition: {x: -40.00003, y: -15.0000305}
  m_SizeDelta: {x: 900, y: 1800}
  m_Pivot: {x: 0.5, y: 0.5}
--- !u!1 &9082182594022076251
GameObject:
  m_ObjectHideFlags: 0
  m_CorrespondingSourceObject: {fileID: 0}
  m_PrefabInstance: {fileID: 0}
  m_PrefabAsset: {fileID: 0}
  serializedVersion: 6
  m_Component:
  - component: {fileID: 911801087701908130}
  m_Layer: 0
  m_Name: BlackFilter (1)
  m_TagString: Untagged
  m_Icon: {fileID: 0}
  m_NavMeshLayer: 0
  m_StaticEditorFlags: 0
  m_IsActive: 1
--- !u!224 &911801087701908130
RectTransform:
  m_ObjectHideFlags: 0
  m_CorrespondingSourceObject: {fileID: 0}
  m_PrefabInstance: {fileID: 0}
  m_PrefabAsset: {fileID: 0}
  m_GameObject: {fileID: 9082182594022076251}
  m_LocalRotation: {x: -0, y: -0, z: -0, w: 1}
  m_LocalPosition: {x: 0, y: 0, z: -12.244898}
  m_LocalScale: {x: 1, y: 1, z: 1}
  m_Children:
  - {fileID: 4846187494736458617}
  - {fileID: 7289654489654080040}
  m_Father: {fileID: 219992728802884362}
  m_RootOrder: 2
  m_LocalEulerAnglesHint: {x: 0, y: 0, z: 0}
  m_AnchorMin: {x: 0.5, y: 0.5}
  m_AnchorMax: {x: 0.5, y: 0.5}
  m_AnchoredPosition: {x: 0, y: -660}
  m_SizeDelta: {x: 900, y: 1800}
  m_Pivot: {x: 0.5, y: 0.5}
--- !u!1001 &5472296260829535312
PrefabInstance:
  m_ObjectHideFlags: 0
  serializedVersion: 2
  m_Modification:
    m_TransformParent: {fileID: 7020761276827435296}
    m_Modifications:
    - target: {fileID: 244441320, guid: 220a777901f36514d990c316a74fca64, type: 3}
      propertyPath: m_Name
      value: RampForm2 (2)
      objectReference: {fileID: 0}
    - target: {fileID: 1003013521, guid: 220a777901f36514d990c316a74fca64, type: 3}
      propertyPath: m_LocalPosition.x
      value: 4
      objectReference: {fileID: 0}
    - target: {fileID: 1003013521, guid: 220a777901f36514d990c316a74fca64, type: 3}
      propertyPath: m_LocalPosition.y
      value: 1
      objectReference: {fileID: 0}
    - target: {fileID: 1003013521, guid: 220a777901f36514d990c316a74fca64, type: 3}
      propertyPath: m_LocalPosition.z
      value: 7
      objectReference: {fileID: 0}
    - target: {fileID: 1003013521, guid: 220a777901f36514d990c316a74fca64, type: 3}
      propertyPath: m_LocalRotation.x
      value: -0
      objectReference: {fileID: 0}
    - target: {fileID: 1003013521, guid: 220a777901f36514d990c316a74fca64, type: 3}
      propertyPath: m_LocalRotation.y
      value: 0.7071068
      objectReference: {fileID: 0}
    - target: {fileID: 1003013521, guid: 220a777901f36514d990c316a74fca64, type: 3}
      propertyPath: m_LocalRotation.z
      value: -0
      objectReference: {fileID: 0}
    - target: {fileID: 1003013521, guid: 220a777901f36514d990c316a74fca64, type: 3}
      propertyPath: m_LocalRotation.w
      value: -0.7071068
      objectReference: {fileID: 0}
    - target: {fileID: 1003013521, guid: 220a777901f36514d990c316a74fca64, type: 3}
      propertyPath: m_RootOrder
      value: 5
      objectReference: {fileID: 0}
    - target: {fileID: 1003013521, guid: 220a777901f36514d990c316a74fca64, type: 3}
      propertyPath: m_LocalEulerAnglesHint.x
      value: 0
      objectReference: {fileID: 0}
    - target: {fileID: 1003013521, guid: 220a777901f36514d990c316a74fca64, type: 3}
      propertyPath: m_LocalEulerAnglesHint.y
      value: 270
      objectReference: {fileID: 0}
    - target: {fileID: 1003013521, guid: 220a777901f36514d990c316a74fca64, type: 3}
      propertyPath: m_LocalEulerAnglesHint.z
      value: 0
      objectReference: {fileID: 0}
    - target: {fileID: 7519655934283268337, guid: 220a777901f36514d990c316a74fca64,
        type: 3}
      propertyPath: machineRoot
      value: 
      objectReference: {fileID: 2082633119836667743}
    - target: {fileID: 7519655934283268337, guid: 220a777901f36514d990c316a74fca64,
        type: 3}
      propertyPath: placementCopy
      value: 
      objectReference: {fileID: 4928253847801126680}
    - target: {fileID: 7519655934283268337, guid: 220a777901f36514d990c316a74fca64,
        type: 3}
      propertyPath: uiPlacementTransform
      value: 
      objectReference: {fileID: 164423428299505041}
    - target: {fileID: 7519655934283268337, guid: 220a777901f36514d990c316a74fca64,
        type: 3}
      propertyPath: isPlacable
      value: 0
      objectReference: {fileID: 0}
    - target: {fileID: 6786899359589765780, guid: 220a777901f36514d990c316a74fca64,
        type: 3}
      propertyPath: renderers.Array.data[0]
      value: 
      objectReference: {fileID: 346624635264659372}
    m_RemovedComponents: []
  m_SourcePrefab: {fileID: 100100000, guid: 220a777901f36514d990c316a74fca64, type: 3}
--- !u!1 &4928253847801126680 stripped
GameObject:
  m_CorrespondingSourceObject: {fileID: 1122852850168365896, guid: 220a777901f36514d990c316a74fca64,
    type: 3}
  m_PrefabInstance: {fileID: 5472296260829535312}
  m_PrefabAsset: {fileID: 0}
--- !u!23 &346624635264659372 stripped
MeshRenderer:
  m_CorrespondingSourceObject: {fileID: 5710270965186311164, guid: 220a777901f36514d990c316a74fca64,
    type: 3}
  m_PrefabInstance: {fileID: 5472296260829535312}
  m_PrefabAsset: {fileID: 0}
--- !u!1 &2082633119836667743 stripped
GameObject:
  m_CorrespondingSourceObject: {fileID: 6275625057186390799, guid: 220a777901f36514d990c316a74fca64,
    type: 3}
  m_PrefabInstance: {fileID: 5472296260829535312}
  m_PrefabAsset: {fileID: 0}
--- !u!4 &164423428299505041 stripped
Transform:
  m_CorrespondingSourceObject: {fileID: 5312460063778693569, guid: 220a777901f36514d990c316a74fca64,
    type: 3}
  m_PrefabInstance: {fileID: 5472296260829535312}
  m_PrefabAsset: {fileID: 0}
--- !u!1001 &5911055634076118024
PrefabInstance:
  m_ObjectHideFlags: 0
  serializedVersion: 2
  m_Modification:
    m_TransformParent: {fileID: 7020761276827435296}
    m_Modifications:
    - target: {fileID: 5431972550776936684, guid: e0c1cd3561495af4dba5da1f08530876,
        type: 3}
      propertyPath: m_Name
      value: Target 2
      objectReference: {fileID: 0}
    - target: {fileID: 5431972550776936688, guid: e0c1cd3561495af4dba5da1f08530876,
        type: 3}
      propertyPath: m_LocalPosition.x
      value: 4
      objectReference: {fileID: 0}
    - target: {fileID: 5431972550776936688, guid: e0c1cd3561495af4dba5da1f08530876,
        type: 3}
      propertyPath: m_LocalPosition.y
      value: 0
      objectReference: {fileID: 0}
    - target: {fileID: 5431972550776936688, guid: e0c1cd3561495af4dba5da1f08530876,
        type: 3}
      propertyPath: m_LocalPosition.z
      value: 1
      objectReference: {fileID: 0}
    - target: {fileID: 5431972550776936688, guid: e0c1cd3561495af4dba5da1f08530876,
        type: 3}
      propertyPath: m_LocalRotation.x
      value: -0
      objectReference: {fileID: 0}
    - target: {fileID: 5431972550776936688, guid: e0c1cd3561495af4dba5da1f08530876,
        type: 3}
      propertyPath: m_LocalRotation.y
      value: -0
      objectReference: {fileID: 0}
    - target: {fileID: 5431972550776936688, guid: e0c1cd3561495af4dba5da1f08530876,
        type: 3}
      propertyPath: m_LocalRotation.z
      value: -0
      objectReference: {fileID: 0}
    - target: {fileID: 5431972550776936688, guid: e0c1cd3561495af4dba5da1f08530876,
        type: 3}
      propertyPath: m_LocalRotation.w
      value: 1
      objectReference: {fileID: 0}
    - target: {fileID: 5431972550776936688, guid: e0c1cd3561495af4dba5da1f08530876,
        type: 3}
      propertyPath: m_RootOrder
      value: 0
      objectReference: {fileID: 0}
    - target: {fileID: 5431972550776936688, guid: e0c1cd3561495af4dba5da1f08530876,
        type: 3}
      propertyPath: m_LocalEulerAnglesHint.x
      value: 0
      objectReference: {fileID: 0}
    - target: {fileID: 5431972550776936688, guid: e0c1cd3561495af4dba5da1f08530876,
        type: 3}
      propertyPath: m_LocalEulerAnglesHint.y
      value: 0
      objectReference: {fileID: 0}
    - target: {fileID: 5431972550776936688, guid: e0c1cd3561495af4dba5da1f08530876,
        type: 3}
      propertyPath: m_LocalEulerAnglesHint.z
      value: 0
      objectReference: {fileID: 0}
    - target: {fileID: 6590584025984450119, guid: e0c1cd3561495af4dba5da1f08530876,
        type: 3}
      propertyPath: anim
      value: 
      objectReference: {fileID: 5261101614967284088}
    - target: {fileID: 6258236878555646793, guid: e0c1cd3561495af4dba5da1f08530876,
        type: 3}
      propertyPath: m_Size.y
      value: 0.5
      objectReference: {fileID: 0}
    - target: {fileID: 144444313711583565, guid: e0c1cd3561495af4dba5da1f08530876,
        type: 3}
      propertyPath: m_Size.y
      value: 3
      objectReference: {fileID: 0}
    m_RemovedComponents: []
  m_SourcePrefab: {fileID: 100100000, guid: e0c1cd3561495af4dba5da1f08530876, type: 3}
--- !u!95 &5261101614967284088 stripped
Animator:
  m_CorrespondingSourceObject: {fileID: 1948785183598988656, guid: e0c1cd3561495af4dba5da1f08530876,
    type: 3}
  m_PrefabInstance: {fileID: 5911055634076118024}
  m_PrefabAsset: {fileID: 0}
--- !u!1001 &6083591370067222009
PrefabInstance:
  m_ObjectHideFlags: 0
  serializedVersion: 2
  m_Modification:
    m_TransformParent: {fileID: 7020761276827435296}
    m_Modifications:
    - target: {fileID: 244441320, guid: 220a777901f36514d990c316a74fca64, type: 3}
      propertyPath: m_Name
      value: RampForm2 (1)
      objectReference: {fileID: 0}
    - target: {fileID: 1003013521, guid: 220a777901f36514d990c316a74fca64, type: 3}
      propertyPath: m_LocalPosition.x
      value: 6
      objectReference: {fileID: 0}
    - target: {fileID: 1003013521, guid: 220a777901f36514d990c316a74fca64, type: 3}
      propertyPath: m_LocalPosition.y
      value: 2
      objectReference: {fileID: 0}
    - target: {fileID: 1003013521, guid: 220a777901f36514d990c316a74fca64, type: 3}
      propertyPath: m_LocalPosition.z
      value: 8
      objectReference: {fileID: 0}
    - target: {fileID: 1003013521, guid: 220a777901f36514d990c316a74fca64, type: 3}
      propertyPath: m_LocalRotation.x
      value: -0
      objectReference: {fileID: 0}
    - target: {fileID: 1003013521, guid: 220a777901f36514d990c316a74fca64, type: 3}
      propertyPath: m_LocalRotation.y
      value: -0
      objectReference: {fileID: 0}
    - target: {fileID: 1003013521, guid: 220a777901f36514d990c316a74fca64, type: 3}
      propertyPath: m_LocalRotation.z
      value: -0
      objectReference: {fileID: 0}
    - target: {fileID: 1003013521, guid: 220a777901f36514d990c316a74fca64, type: 3}
      propertyPath: m_LocalRotation.w
      value: 1
      objectReference: {fileID: 0}
    - target: {fileID: 1003013521, guid: 220a777901f36514d990c316a74fca64, type: 3}
      propertyPath: m_RootOrder
      value: 1
      objectReference: {fileID: 0}
    - target: {fileID: 1003013521, guid: 220a777901f36514d990c316a74fca64, type: 3}
      propertyPath: m_LocalEulerAnglesHint.x
      value: 0
      objectReference: {fileID: 0}
    - target: {fileID: 1003013521, guid: 220a777901f36514d990c316a74fca64, type: 3}
      propertyPath: m_LocalEulerAnglesHint.y
      value: 0
      objectReference: {fileID: 0}
    - target: {fileID: 1003013521, guid: 220a777901f36514d990c316a74fca64, type: 3}
      propertyPath: m_LocalEulerAnglesHint.z
      value: 0
      objectReference: {fileID: 0}
    - target: {fileID: 7519655934283268337, guid: 220a777901f36514d990c316a74fca64,
        type: 3}
      propertyPath: machineRoot
      value: 
      objectReference: {fileID: 250580499802603254}
    - target: {fileID: 7519655934283268337, guid: 220a777901f36514d990c316a74fca64,
        type: 3}
      propertyPath: placementCopy
      value: 
      objectReference: {fileID: 6627168526994972337}
    - target: {fileID: 7519655934283268337, guid: 220a777901f36514d990c316a74fca64,
        type: 3}
      propertyPath: uiPlacementTransform
      value: 
      objectReference: {fileID: 2149593981850713144}
    - target: {fileID: 7519655934283268337, guid: 220a777901f36514d990c316a74fca64,
        type: 3}
      propertyPath: isPlacable
      value: 0
      objectReference: {fileID: 0}
    - target: {fileID: 6786899359589765780, guid: 220a777901f36514d990c316a74fca64,
        type: 3}
      propertyPath: renderers.Array.data[0]
      value: 
      objectReference: {fileID: 1969118870964088325}
    m_RemovedComponents: []
  m_SourcePrefab: {fileID: 100100000, guid: 220a777901f36514d990c316a74fca64, type: 3}
--- !u!4 &2149593981850713144 stripped
Transform:
  m_CorrespondingSourceObject: {fileID: 5312460063778693569, guid: 220a777901f36514d990c316a74fca64,
    type: 3}
  m_PrefabInstance: {fileID: 6083591370067222009}
  m_PrefabAsset: {fileID: 0}
--- !u!1 &250580499802603254 stripped
GameObject:
  m_CorrespondingSourceObject: {fileID: 6275625057186390799, guid: 220a777901f36514d990c316a74fca64,
    type: 3}
  m_PrefabInstance: {fileID: 6083591370067222009}
  m_PrefabAsset: {fileID: 0}
--- !u!23 &1969118870964088325 stripped
MeshRenderer:
  m_CorrespondingSourceObject: {fileID: 5710270965186311164, guid: 220a777901f36514d990c316a74fca64,
    type: 3}
  m_PrefabInstance: {fileID: 6083591370067222009}
  m_PrefabAsset: {fileID: 0}
--- !u!1 &6627168526994972337 stripped
GameObject:
  m_CorrespondingSourceObject: {fileID: 1122852850168365896, guid: 220a777901f36514d990c316a74fca64,
    type: 3}
  m_PrefabInstance: {fileID: 6083591370067222009}
  m_PrefabAsset: {fileID: 0}
--- !u!1001 &6470218511154569284
PrefabInstance:
  m_ObjectHideFlags: 0
  serializedVersion: 2
  m_Modification:
    m_TransformParent: {fileID: 0}
    m_Modifications:
    - target: {fileID: 4081409545628149877, guid: 8ddd3c3617936d543bf8521fc6d1f54e,
        type: 3}
      propertyPath: m_Name
      value: Level Variant 1-1
      objectReference: {fileID: 0}
    - target: {fileID: 4081409545628149876, guid: 8ddd3c3617936d543bf8521fc6d1f54e,
        type: 3}
      propertyPath: m_LocalPosition.x
      value: 0
      objectReference: {fileID: 0}
    - target: {fileID: 4081409545628149876, guid: 8ddd3c3617936d543bf8521fc6d1f54e,
        type: 3}
      propertyPath: m_LocalPosition.y
      value: 0
      objectReference: {fileID: 0}
    - target: {fileID: 4081409545628149876, guid: 8ddd3c3617936d543bf8521fc6d1f54e,
        type: 3}
      propertyPath: m_LocalPosition.z
      value: -0
      objectReference: {fileID: 0}
    - target: {fileID: 4081409545628149876, guid: 8ddd3c3617936d543bf8521fc6d1f54e,
        type: 3}
      propertyPath: m_LocalRotation.x
      value: 0
      objectReference: {fileID: 0}
    - target: {fileID: 4081409545628149876, guid: 8ddd3c3617936d543bf8521fc6d1f54e,
        type: 3}
      propertyPath: m_LocalRotation.y
      value: 0
      objectReference: {fileID: 0}
    - target: {fileID: 4081409545628149876, guid: 8ddd3c3617936d543bf8521fc6d1f54e,
        type: 3}
      propertyPath: m_LocalRotation.z
      value: 0
      objectReference: {fileID: 0}
    - target: {fileID: 4081409545628149876, guid: 8ddd3c3617936d543bf8521fc6d1f54e,
        type: 3}
      propertyPath: m_LocalRotation.w
      value: 1
      objectReference: {fileID: 0}
    - target: {fileID: 4081409545628149876, guid: 8ddd3c3617936d543bf8521fc6d1f54e,
        type: 3}
      propertyPath: m_RootOrder
      value: 0
      objectReference: {fileID: 0}
    - target: {fileID: 4081409545628149876, guid: 8ddd3c3617936d543bf8521fc6d1f54e,
        type: 3}
      propertyPath: m_LocalEulerAnglesHint.x
      value: 0
      objectReference: {fileID: 0}
    - target: {fileID: 4081409545628149876, guid: 8ddd3c3617936d543bf8521fc6d1f54e,
        type: 3}
      propertyPath: m_LocalEulerAnglesHint.y
      value: 0
      objectReference: {fileID: 0}
    - target: {fileID: 4081409545628149876, guid: 8ddd3c3617936d543bf8521fc6d1f54e,
        type: 3}
      propertyPath: m_LocalEulerAnglesHint.z
      value: 0
      objectReference: {fileID: 0}
    - target: {fileID: 2211865769781630923, guid: 8ddd3c3617936d543bf8521fc6d1f54e,
        type: 3}
      propertyPath: cam
      value: 
      objectReference: {fileID: 7020761278018357440}
    - target: {fileID: 2211865769781630923, guid: 8ddd3c3617936d543bf8521fc6d1f54e,
        type: 3}
      propertyPath: machineRoot
      value: 
      objectReference: {fileID: 7020761276827435296}
    - target: {fileID: 2211865769781630923, guid: 8ddd3c3617936d543bf8521fc6d1f54e,
        type: 3}
      propertyPath: machineDropPoint
      value: 
      objectReference: {fileID: 6470218512595897028}
    - target: {fileID: 2211865769781630923, guid: 8ddd3c3617936d543bf8521fc6d1f54e,
        type: 3}
      propertyPath: stopButton
      value: 
      objectReference: {fileID: 1458649481368389307}
    - target: {fileID: 2211865769781630923, guid: 8ddd3c3617936d543bf8521fc6d1f54e,
        type: 3}
      propertyPath: resetMan
      value: 
      objectReference: {fileID: 3354361753559573847}
    - target: {fileID: 4379947753089189575, guid: 8ddd3c3617936d543bf8521fc6d1f54e,
        type: 3}
      propertyPath: target
      value: 
      objectReference: {fileID: 2665200329777481213}
    - target: {fileID: 5617392318098384639, guid: 8ddd3c3617936d543bf8521fc6d1f54e,
        type: 3}
      propertyPath: m_TargetGraphic
      value: 
      objectReference: {fileID: 4997601123684669427}
    - target: {fileID: 5964375764557705606, guid: 8ddd3c3617936d543bf8521fc6d1f54e,
        type: 3}
      propertyPath: m_Camera
      value: 
      objectReference: {fileID: 7020761278018357440}
    - target: {fileID: 294011303, guid: 8ddd3c3617936d543bf8521fc6d1f54e, type: 3}
      propertyPath: m_TargetGraphic
      value: 
      objectReference: {fileID: 6470218511430984172}
    - target: {fileID: 1621882422108192183, guid: 8ddd3c3617936d543bf8521fc6d1f54e,
        type: 3}
      propertyPath: m_TargetGraphic
      value: 
      objectReference: {fileID: 1218740490817281073}
    - target: {fileID: 1339348476843650623, guid: 8ddd3c3617936d543bf8521fc6d1f54e,
        type: 3}
      propertyPath: m_TargetGraphic
      value: 
      objectReference: {fileID: 94652741499150566}
    m_RemovedComponents: []
  m_SourcePrefab: {fileID: 100100000, guid: 8ddd3c3617936d543bf8521fc6d1f54e, type: 3}
--- !u!114 &1218740490817281073 stripped
MonoBehaviour:
  m_CorrespondingSourceObject: {fileID: 5270059770203274357, guid: 8ddd3c3617936d543bf8521fc6d1f54e,
    type: 3}
  m_PrefabInstance: {fileID: 6470218511154569284}
  m_PrefabAsset: {fileID: 0}
  m_GameObject: {fileID: 0}
  m_Enabled: 1
  m_EditorHideFlags: 0
  m_Script: {fileID: -765806418, guid: f70555f144d8491a825f0804e09c671c, type: 3}
  m_Name: 
  m_EditorClassIdentifier: 
--- !u!20 &7020761278018357440 stripped
Camera:
  m_CorrespondingSourceObject: {fileID: 4081409546694453380, guid: 8ddd3c3617936d543bf8521fc6d1f54e,
    type: 3}
  m_PrefabInstance: {fileID: 6470218511154569284}
  m_PrefabAsset: {fileID: 0}
--- !u!114 &3354361753559573847 stripped
MonoBehaviour:
  m_CorrespondingSourceObject: {fileID: 8595053139300009235, guid: 8ddd3c3617936d543bf8521fc6d1f54e,
    type: 3}
  m_PrefabInstance: {fileID: 6470218511154569284}
  m_PrefabAsset: {fileID: 0}
  m_GameObject: {fileID: 0}
  m_Enabled: 1
  m_EditorHideFlags: 0
  m_Script: {fileID: 11500000, guid: 0df2f3c0878129a40b56b70e89c2bedc, type: 3}
  m_Name: 
  m_EditorClassIdentifier: 
--- !u!4 &2665200329777481213 stripped
Transform:
  m_CorrespondingSourceObject: {fileID: 9022509819791304121, guid: 8ddd3c3617936d543bf8521fc6d1f54e,
    type: 3}
  m_PrefabInstance: {fileID: 6470218511154569284}
  m_PrefabAsset: {fileID: 0}
--- !u!4 &7020761276968831024 stripped
Transform:
  m_CorrespondingSourceObject: {fileID: 4081409545628149876, guid: 8ddd3c3617936d543bf8521fc6d1f54e,
    type: 3}
  m_PrefabInstance: {fileID: 6470218511154569284}
  m_PrefabAsset: {fileID: 0}
--- !u!114 &94652741499150566 stripped
MonoBehaviour:
  m_CorrespondingSourceObject: {fileID: 6384577454535901346, guid: 8ddd3c3617936d543bf8521fc6d1f54e,
    type: 3}
  m_PrefabInstance: {fileID: 6470218511154569284}
  m_PrefabAsset: {fileID: 0}
  m_GameObject: {fileID: 0}
  m_Enabled: 1
  m_EditorHideFlags: 0
  m_Script: {fileID: -765806418, guid: f70555f144d8491a825f0804e09c671c, type: 3}
  m_Name: 
  m_EditorClassIdentifier: 
--- !u!224 &6470218512595897028 stripped
RectTransform:
  m_CorrespondingSourceObject: {fileID: 1458121344, guid: 8ddd3c3617936d543bf8521fc6d1f54e,
    type: 3}
  m_PrefabInstance: {fileID: 6470218511154569284}
  m_PrefabAsset: {fileID: 0}
--- !u!114 &6470218511430984172 stripped
MonoBehaviour:
  m_CorrespondingSourceObject: {fileID: 294011304, guid: 8ddd3c3617936d543bf8521fc6d1f54e,
    type: 3}
  m_PrefabInstance: {fileID: 6470218511154569284}
  m_PrefabAsset: {fileID: 0}
  m_GameObject: {fileID: 0}
  m_Enabled: 1
  m_EditorHideFlags: 0
  m_Script: {fileID: -765806418, guid: f70555f144d8491a825f0804e09c671c, type: 3}
  m_Name: 
  m_EditorClassIdentifier: 
--- !u!114 &4997601123684669427 stripped
MonoBehaviour:
  m_CorrespondingSourceObject: {fileID: 2058671467387107255, guid: 8ddd3c3617936d543bf8521fc6d1f54e,
    type: 3}
  m_PrefabInstance: {fileID: 6470218511154569284}
  m_PrefabAsset: {fileID: 0}
  m_GameObject: {fileID: 0}
  m_Enabled: 1
  m_EditorHideFlags: 0
  m_Script: {fileID: -765806418, guid: f70555f144d8491a825f0804e09c671c, type: 3}
  m_Name: 
  m_EditorClassIdentifier: 
--- !u!114 &1458649481368389307 stripped
MonoBehaviour:
  m_CorrespondingSourceObject: {fileID: 5617392318098384639, guid: 8ddd3c3617936d543bf8521fc6d1f54e,
    type: 3}
  m_PrefabInstance: {fileID: 6470218511154569284}
  m_PrefabAsset: {fileID: 0}
  m_GameObject: {fileID: 0}
  m_Enabled: 1
  m_EditorHideFlags: 0
  m_Script: {fileID: 1392445389, guid: f70555f144d8491a825f0804e09c671c, type: 3}
  m_Name: 
  m_EditorClassIdentifier: 
--- !u!4 &7020761276827435296 stripped
Transform:
  m_CorrespondingSourceObject: {fileID: 4081409545771442532, guid: 8ddd3c3617936d543bf8521fc6d1f54e,
    type: 3}
  m_PrefabInstance: {fileID: 6470218511154569284}
  m_PrefabAsset: {fileID: 0}
--- !u!1001 &6482066306841206507
PrefabInstance:
  m_ObjectHideFlags: 0
  serializedVersion: 2
  m_Modification:
    m_TransformParent: {fileID: 7020761276827435296}
    m_Modifications:
    - target: {fileID: 851984329729152709, guid: d401ad3ebfa599241b199df36d27a563,
        type: 3}
      propertyPath: m_Name
      value: Trampoline
      objectReference: {fileID: 0}
    - target: {fileID: 851984329729152728, guid: d401ad3ebfa599241b199df36d27a563,
        type: 3}
      propertyPath: m_LocalPosition.x
      value: 4
      objectReference: {fileID: 0}
    - target: {fileID: 851984329729152728, guid: d401ad3ebfa599241b199df36d27a563,
        type: 3}
      propertyPath: m_LocalPosition.y
      value: 0
      objectReference: {fileID: 0}
    - target: {fileID: 851984329729152728, guid: d401ad3ebfa599241b199df36d27a563,
        type: 3}
      propertyPath: m_LocalPosition.z
      value: 5
      objectReference: {fileID: 0}
    - target: {fileID: 851984329729152728, guid: d401ad3ebfa599241b199df36d27a563,
        type: 3}
      propertyPath: m_LocalRotation.x
      value: -0
      objectReference: {fileID: 0}
    - target: {fileID: 851984329729152728, guid: d401ad3ebfa599241b199df36d27a563,
        type: 3}
      propertyPath: m_LocalRotation.y
      value: -0
      objectReference: {fileID: 0}
    - target: {fileID: 851984329729152728, guid: d401ad3ebfa599241b199df36d27a563,
        type: 3}
      propertyPath: m_LocalRotation.z
      value: -0
      objectReference: {fileID: 0}
    - target: {fileID: 851984329729152728, guid: d401ad3ebfa599241b199df36d27a563,
        type: 3}
      propertyPath: m_LocalRotation.w
      value: 1
      objectReference: {fileID: 0}
    - target: {fileID: 851984329729152728, guid: d401ad3ebfa599241b199df36d27a563,
        type: 3}
      propertyPath: m_RootOrder
      value: 4
      objectReference: {fileID: 0}
    - target: {fileID: 851984329729152728, guid: d401ad3ebfa599241b199df36d27a563,
        type: 3}
      propertyPath: m_LocalEulerAnglesHint.x
      value: 0
      objectReference: {fileID: 0}
    - target: {fileID: 851984329729152728, guid: d401ad3ebfa599241b199df36d27a563,
        type: 3}
      propertyPath: m_LocalEulerAnglesHint.y
      value: 0
      objectReference: {fileID: 0}
    - target: {fileID: 851984329729152728, guid: d401ad3ebfa599241b199df36d27a563,
        type: 3}
      propertyPath: m_LocalEulerAnglesHint.z
      value: 0
      objectReference: {fileID: 0}
    - target: {fileID: 2055112170121999723, guid: d401ad3ebfa599241b199df36d27a563,
        type: 3}
      propertyPath: machineRoot
      value: 
      objectReference: {fileID: 5247365678467121222}
    - target: {fileID: 2055112170121999723, guid: d401ad3ebfa599241b199df36d27a563,
        type: 3}
      propertyPath: placementCopy
      value: 
      objectReference: {fileID: 2672586193977864571}
    - target: {fileID: 2055112170121999723, guid: d401ad3ebfa599241b199df36d27a563,
        type: 3}
      propertyPath: uiPlacementTransform
      value: 
      objectReference: {fileID: 9107246847910986618}
    - target: {fileID: 2055112170121999723, guid: d401ad3ebfa599241b199df36d27a563,
        type: 3}
      propertyPath: isPlacable
      value: 1
      objectReference: {fileID: 0}
    - target: {fileID: 3267581123644571212, guid: d401ad3ebfa599241b199df36d27a563,
        type: 3}
      propertyPath: renderers.Array.data[0]
      value: 
      objectReference: {fileID: 1519102506749965928}
    - target: {fileID: 5266599182964192645, guid: d401ad3ebfa599241b199df36d27a563,
        type: 3}
      propertyPath: animator
      value: 
      objectReference: {fileID: 0}
    - target: {fileID: 5266599182964192645, guid: d401ad3ebfa599241b199df36d27a563,
        type: 3}
      propertyPath: anim
      value: 
      objectReference: {fileID: 2071993055233762872}
    - target: {fileID: 4987136541186147859, guid: d401ad3ebfa599241b199df36d27a563,
        type: 3}
      propertyPath: m_Bones.Array.data[0]
      value: 
      objectReference: {fileID: 2071993055243536856}
    - target: {fileID: 4987136541186147859, guid: d401ad3ebfa599241b199df36d27a563,
        type: 3}
      propertyPath: m_Bones.Array.data[1]
      value: 
      objectReference: {fileID: 2071993055243536858}
    - target: {fileID: 4987136541186147859, guid: d401ad3ebfa599241b199df36d27a563,
        type: 3}
      propertyPath: m_RootBone
      value: 
      objectReference: {fileID: 2071993055243536856}
    - target: {fileID: 945036294556069023, guid: d401ad3ebfa599241b199df36d27a563,
        type: 3}
      propertyPath: m_Bones.Array.data[0]
      value: 
      objectReference: {fileID: 0}
    - target: {fileID: 945036294556069023, guid: d401ad3ebfa599241b199df36d27a563,
        type: 3}
      propertyPath: m_Bones.Array.data[1]
      value: 
      objectReference: {fileID: 0}
    - target: {fileID: 945036294556069023, guid: d401ad3ebfa599241b199df36d27a563,
        type: 3}
      propertyPath: m_RootBone
      value: 
      objectReference: {fileID: 0}
    m_RemovedComponents: []
  m_SourcePrefab: {fileID: 100100000, guid: d401ad3ebfa599241b199df36d27a563, type: 3}
--- !u!23 &1519102506749965928 stripped
MeshRenderer:
  m_CorrespondingSourceObject: {fileID: 5539431218190280835, guid: d401ad3ebfa599241b199df36d27a563,
    type: 3}
  m_PrefabInstance: {fileID: 6482066306841206507}
  m_PrefabAsset: {fileID: 0}
--- !u!4 &9107246847910986618 stripped
Transform:
  m_CorrespondingSourceObject: {fileID: 2852920652997565841, guid: d401ad3ebfa599241b199df36d27a563,
    type: 3}
  m_PrefabInstance: {fileID: 6482066306841206507}
  m_PrefabAsset: {fileID: 0}
--- !u!1 &2672586193977864571 stripped
GameObject:
  m_CorrespondingSourceObject: {fileID: 8998757263223402384, guid: d401ad3ebfa599241b199df36d27a563,
    type: 3}
  m_PrefabInstance: {fileID: 6482066306841206507}
  m_PrefabAsset: {fileID: 0}
--- !u!4 &2071993055243536858 stripped
Transform:
  m_CorrespondingSourceObject: {fileID: 4987136541174421297, guid: d401ad3ebfa599241b199df36d27a563,
    type: 3}
  m_PrefabInstance: {fileID: 6482066306841206507}
  m_PrefabAsset: {fileID: 0}
--- !u!4 &2071993055243536856 stripped
Transform:
  m_CorrespondingSourceObject: {fileID: 4987136541174421299, guid: d401ad3ebfa599241b199df36d27a563,
    type: 3}
  m_PrefabInstance: {fileID: 6482066306841206507}
  m_PrefabAsset: {fileID: 0}
--- !u!95 &2071993055233762872 stripped
Animator:
  m_CorrespondingSourceObject: {fileID: 4987136541181917395, guid: d401ad3ebfa599241b199df36d27a563,
    type: 3}
  m_PrefabInstance: {fileID: 6482066306841206507}
  m_PrefabAsset: {fileID: 0}
--- !u!1 &5247365678467121222 stripped
GameObject:
  m_CorrespondingSourceObject: {fileID: 1235833194139377325, guid: d401ad3ebfa599241b199df36d27a563,
    type: 3}
  m_PrefabInstance: {fileID: 6482066306841206507}
  m_PrefabAsset: {fileID: 0}
--- !u!1001 &6509460342750746195
PrefabInstance:
  m_ObjectHideFlags: 0
  serializedVersion: 2
  m_Modification:
    m_TransformParent: {fileID: 7020761276827435296}
    m_Modifications:
    - target: {fileID: 8135909941518731769, guid: 6e059da4a8150be449f444d835d03cda,
        type: 3}
      propertyPath: m_Name
      value: TurnForm
      objectReference: {fileID: 0}
    - target: {fileID: 3167901137692872845, guid: 6e059da4a8150be449f444d835d03cda,
        type: 3}
      propertyPath: m_LocalPosition.x
      value: 4
      objectReference: {fileID: 0}
    - target: {fileID: 3167901137692872845, guid: 6e059da4a8150be449f444d835d03cda,
        type: 3}
      propertyPath: m_LocalPosition.y
      value: 1
      objectReference: {fileID: 0}
    - target: {fileID: 3167901137692872845, guid: 6e059da4a8150be449f444d835d03cda,
        type: 3}
      propertyPath: m_LocalPosition.z
      value: 8
      objectReference: {fileID: 0}
    - target: {fileID: 3167901137692872845, guid: 6e059da4a8150be449f444d835d03cda,
        type: 3}
      propertyPath: m_LocalRotation.x
      value: -0
      objectReference: {fileID: 0}
    - target: {fileID: 3167901137692872845, guid: 6e059da4a8150be449f444d835d03cda,
        type: 3}
      propertyPath: m_LocalRotation.y
      value: -0
      objectReference: {fileID: 0}
    - target: {fileID: 3167901137692872845, guid: 6e059da4a8150be449f444d835d03cda,
        type: 3}
      propertyPath: m_LocalRotation.z
      value: -0
      objectReference: {fileID: 0}
    - target: {fileID: 3167901137692872845, guid: 6e059da4a8150be449f444d835d03cda,
        type: 3}
      propertyPath: m_LocalRotation.w
      value: 1
      objectReference: {fileID: 0}
    - target: {fileID: 3167901137692872845, guid: 6e059da4a8150be449f444d835d03cda,
        type: 3}
      propertyPath: m_RootOrder
      value: 3
      objectReference: {fileID: 0}
    - target: {fileID: 3167901137692872845, guid: 6e059da4a8150be449f444d835d03cda,
        type: 3}
      propertyPath: m_LocalEulerAnglesHint.x
      value: 0
      objectReference: {fileID: 0}
    - target: {fileID: 3167901137692872845, guid: 6e059da4a8150be449f444d835d03cda,
        type: 3}
      propertyPath: m_LocalEulerAnglesHint.y
      value: 0
      objectReference: {fileID: 0}
    - target: {fileID: 3167901137692872845, guid: 6e059da4a8150be449f444d835d03cda,
        type: 3}
      propertyPath: m_LocalEulerAnglesHint.z
      value: 0
      objectReference: {fileID: 0}
    - target: {fileID: 8345203448637364412, guid: 6e059da4a8150be449f444d835d03cda,
        type: 3}
      propertyPath: machineRoot
      value: 
      objectReference: {fileID: 3002703593226828207}
    - target: {fileID: 8345203448637364412, guid: 6e059da4a8150be449f444d835d03cda,
        type: 3}
      propertyPath: placementCopy
      value: 
      objectReference: {fileID: 7115543537883114998}
    - target: {fileID: 8345203448637364412, guid: 6e059da4a8150be449f444d835d03cda,
        type: 3}
      propertyPath: uiPlacementTransform
      value: 
      objectReference: {fileID: 6367912509324322645}
    - target: {fileID: 8345203448637364412, guid: 6e059da4a8150be449f444d835d03cda,
        type: 3}
      propertyPath: isPlacable
      value: 0
      objectReference: {fileID: 0}
    - target: {fileID: 4275166413252833834, guid: 6e059da4a8150be449f444d835d03cda,
        type: 3}
      propertyPath: endPoints.Array.data[0]
      value: 
      objectReference: {fileID: 1994489112662122062}
    - target: {fileID: 4275166413252833834, guid: 6e059da4a8150be449f444d835d03cda,
        type: 3}
      propertyPath: endPoints.Array.data[1]
      value: 
      objectReference: {fileID: 6382609989472659007}
    - target: {fileID: 7589558373750762105, guid: 6e059da4a8150be449f444d835d03cda,
        type: 3}
      propertyPath: renderers.Array.data[0]
      value: 
      objectReference: {fileID: 5962058304079014629}
    m_RemovedComponents: []
  m_SourcePrefab: {fileID: 100100000, guid: 6e059da4a8150be449f444d835d03cda, type: 3}
--- !u!4 &1994489112662122062 stripped
Transform:
  m_CorrespondingSourceObject: {fileID: 4754647778770716701, guid: 6e059da4a8150be449f444d835d03cda,
    type: 3}
  m_PrefabInstance: {fileID: 6509460342750746195}
  m_PrefabAsset: {fileID: 0}
--- !u!4 &6367912509324322645 stripped
Transform:
  m_CorrespondingSourceObject: {fileID: 146755120697995526, guid: 6e059da4a8150be449f444d835d03cda,
    type: 3}
  m_PrefabInstance: {fileID: 6509460342750746195}
  m_PrefabAsset: {fileID: 0}
--- !u!23 &5962058304079014629 stripped
MeshRenderer:
  m_CorrespondingSourceObject: {fileID: 642681868070337718, guid: 6e059da4a8150be449f444d835d03cda,
    type: 3}
  m_PrefabInstance: {fileID: 6509460342750746195}
  m_PrefabAsset: {fileID: 0}
--- !u!1 &7115543537883114998 stripped
GameObject:
  m_CorrespondingSourceObject: {fileID: 4100882142047763365, guid: 6e059da4a8150be449f444d835d03cda,
    type: 3}
  m_PrefabInstance: {fileID: 6509460342750746195}
  m_PrefabAsset: {fileID: 0}
--- !u!1 &3002703593226828207 stripped
GameObject:
  m_CorrespondingSourceObject: {fileID: 8357977990314094588, guid: 6e059da4a8150be449f444d835d03cda,
    type: 3}
  m_PrefabInstance: {fileID: 6509460342750746195}
  m_PrefabAsset: {fileID: 0}
--- !u!4 &6382609989472659007 stripped
Transform:
  m_CorrespondingSourceObject: {fileID: 199752991065387116, guid: 6e059da4a8150be449f444d835d03cda,
    type: 3}
  m_PrefabInstance: {fileID: 6509460342750746195}
  m_PrefabAsset: {fileID: 0}
--- !u!1001 &7077544457547364995
PrefabInstance:
  m_ObjectHideFlags: 0
  serializedVersion: 2
  m_Modification:
    m_TransformParent: {fileID: 7020761276827435296}
    m_Modifications:
    - target: {fileID: 4513722921009260235, guid: f9da2b45282cd16468812c352c76769a,
        type: 3}
      propertyPath: m_Name
      value: Sphere (1)
      objectReference: {fileID: 0}
    - target: {fileID: 4513722921009260238, guid: f9da2b45282cd16468812c352c76769a,
        type: 3}
      propertyPath: m_LocalPosition.x
      value: 6
      objectReference: {fileID: 0}
    - target: {fileID: 4513722921009260238, guid: f9da2b45282cd16468812c352c76769a,
        type: 3}
      propertyPath: m_LocalPosition.y
      value: 3
      objectReference: {fileID: 0}
    - target: {fileID: 4513722921009260238, guid: f9da2b45282cd16468812c352c76769a,
        type: 3}
      propertyPath: m_LocalPosition.z
      value: 8
      objectReference: {fileID: 0}
    - target: {fileID: 4513722921009260238, guid: f9da2b45282cd16468812c352c76769a,
        type: 3}
      propertyPath: m_LocalRotation.x
      value: -0
      objectReference: {fileID: 0}
    - target: {fileID: 4513722921009260238, guid: f9da2b45282cd16468812c352c76769a,
        type: 3}
      propertyPath: m_LocalRotation.y
      value: -0
      objectReference: {fileID: 0}
    - target: {fileID: 4513722921009260238, guid: f9da2b45282cd16468812c352c76769a,
        type: 3}
      propertyPath: m_LocalRotation.z
      value: -0
      objectReference: {fileID: 0}
    - target: {fileID: 4513722921009260238, guid: f9da2b45282cd16468812c352c76769a,
        type: 3}
      propertyPath: m_LocalRotation.w
      value: 1
      objectReference: {fileID: 0}
    - target: {fileID: 4513722921009260238, guid: f9da2b45282cd16468812c352c76769a,
        type: 3}
      propertyPath: m_RootOrder
      value: 2
      objectReference: {fileID: 0}
    - target: {fileID: 4513722921009260238, guid: f9da2b45282cd16468812c352c76769a,
        type: 3}
      propertyPath: m_LocalEulerAnglesHint.x
      value: 0
      objectReference: {fileID: 0}
    - target: {fileID: 4513722921009260238, guid: f9da2b45282cd16468812c352c76769a,
        type: 3}
      propertyPath: m_LocalEulerAnglesHint.y
      value: 0
      objectReference: {fileID: 0}
    - target: {fileID: 4513722921009260238, guid: f9da2b45282cd16468812c352c76769a,
        type: 3}
      propertyPath: m_LocalEulerAnglesHint.z
      value: 0
      objectReference: {fileID: 0}
    - target: {fileID: 1353844498424411632, guid: f9da2b45282cd16468812c352c76769a,
        type: 3}
      propertyPath: machineRoot
      value: 
      objectReference: {fileID: 4525752359162242681}
    - target: {fileID: 1353844498424411632, guid: f9da2b45282cd16468812c352c76769a,
        type: 3}
      propertyPath: placementCopy
      value: 
      objectReference: {fileID: 5029332890541820722}
    - target: {fileID: 1353844498424411632, guid: f9da2b45282cd16468812c352c76769a,
        type: 3}
      propertyPath: uiPlacementTransform
      value: 
      objectReference: {fileID: 3861699367205878898}
    - target: {fileID: 1353844498424411632, guid: f9da2b45282cd16468812c352c76769a,
        type: 3}
      propertyPath: rgbd
      value: 
      objectReference: {fileID: 4861349686795226129}
    - target: {fileID: 1353844498424411632, guid: f9da2b45282cd16468812c352c76769a,
        type: 3}
      propertyPath: isPlacable
      value: 0
      objectReference: {fileID: 0}
    - target: {fileID: 227227642643945001, guid: f9da2b45282cd16468812c352c76769a,
        type: 3}
      propertyPath: rgbd
      value: 
      objectReference: {fileID: 4861349686795226129}
    - target: {fileID: 8523483425405182061, guid: f9da2b45282cd16468812c352c76769a,
        type: 3}
      propertyPath: renderers.Array.data[0]
      value: 
      objectReference: {fileID: 8487533550662994977}
    m_RemovedComponents: []
  m_SourcePrefab: {fileID: 100100000, guid: f9da2b45282cd16468812c352c76769a, type: 3}
--- !u!4 &3861699367205878898 stripped
Transform:
  m_CorrespondingSourceObject: {fileID: 6318548296307377905, guid: f9da2b45282cd16468812c352c76769a,
    type: 3}
  m_PrefabInstance: {fileID: 7077544457547364995}
  m_PrefabAsset: {fileID: 0}
--- !u!54 &4861349686795226129 stripped
Rigidbody:
  m_CorrespondingSourceObject: {fileID: 2400003978403772050, guid: f9da2b45282cd16468812c352c76769a,
    type: 3}
  m_PrefabInstance: {fileID: 7077544457547364995}
  m_PrefabAsset: {fileID: 0}
--- !u!1 &5029332890541820722 stripped
GameObject:
  m_CorrespondingSourceObject: {fileID: 2878849858470031793, guid: f9da2b45282cd16468812c352c76769a,
    type: 3}
  m_PrefabInstance: {fileID: 7077544457547364995}
  m_PrefabAsset: {fileID: 0}
--- !u!23 &8487533550662994977 stripped
MeshRenderer:
  m_CorrespondingSourceObject: {fileID: 1725366720863893154, guid: f9da2b45282cd16468812c352c76769a,
    type: 3}
  m_PrefabInstance: {fileID: 7077544457547364995}
  m_PrefabAsset: {fileID: 0}
--- !u!1 &4525752359162242681 stripped
GameObject:
  m_CorrespondingSourceObject: {fileID: 6698768979900849402, guid: f9da2b45282cd16468812c352c76769a,
    type: 3}
  m_PrefabInstance: {fileID: 7077544457547364995}
  m_PrefabAsset: {fileID: 0}
