%YAML 1.1
%TAG !u! tag:unity3d.com,2011:
--- !u!1 &1529802294
GameObject:
  m_ObjectHideFlags: 0
  m_CorrespondingSourceObject: {fileID: 0}
  m_PrefabInstance: {fileID: 0}
  m_PrefabAsset: {fileID: 0}
  serializedVersion: 6
  m_Component:
  - component: {fileID: 1529802297}
  - component: {fileID: 1529802296}
  - component: {fileID: 1529802295}
  m_Layer: 0
  m_Name: EventSystem
  m_TagString: Untagged
  m_Icon: {fileID: 0}
  m_NavMeshLayer: 0
  m_StaticEditorFlags: 0
  m_IsActive: 1
--- !u!4 &1529802297
Transform:
  m_ObjectHideFlags: 0
  m_CorrespondingSourceObject: {fileID: 0}
  m_PrefabInstance: {fileID: 0}
  m_PrefabAsset: {fileID: 0}
  m_GameObject: {fileID: 1529802294}
  m_LocalRotation: {x: -0, y: -0, z: -0, w: 1}
  m_LocalPosition: {x: 0, y: 0, z: 0}
  m_LocalScale: {x: 1, y: 1, z: 1}
  m_Children: []
  m_Father: {fileID: 4081409545628149876}
  m_RootOrder: 1
  m_LocalEulerAnglesHint: {x: 0, y: 0, z: 0}
--- !u!114 &1529802296
MonoBehaviour:
  m_ObjectHideFlags: 0
  m_CorrespondingSourceObject: {fileID: 0}
  m_PrefabInstance: {fileID: 0}
  m_PrefabAsset: {fileID: 0}
  m_GameObject: {fileID: 1529802294}
  m_Enabled: 1
  m_EditorHideFlags: 0
  m_Script: {fileID: -619905303, guid: f70555f144d8491a825f0804e09c671c, type: 3}
  m_Name: 
  m_EditorClassIdentifier: 
  m_FirstSelected: {fileID: 0}
  m_sendNavigationEvents: 1
  m_DragThreshold: 10
--- !u!114 &1529802295
MonoBehaviour:
  m_ObjectHideFlags: 0
  m_CorrespondingSourceObject: {fileID: 0}
  m_PrefabInstance: {fileID: 0}
  m_PrefabAsset: {fileID: 0}
  m_GameObject: {fileID: 1529802294}
  m_Enabled: 1
  m_EditorHideFlags: 0
  m_Script: {fileID: 1077351063, guid: f70555f144d8491a825f0804e09c671c, type: 3}
  m_Name: 
  m_EditorClassIdentifier: 
  m_HorizontalAxis: Horizontal
  m_VerticalAxis: Vertical
  m_SubmitButton: Submit
  m_CancelButton: Cancel
  m_InputActionsPerSecond: 10
  m_RepeatDelay: 0.5
  m_ForceModuleActive: 0
--- !u!1 &1855785450195005703
GameObject:
  m_ObjectHideFlags: 0
  m_CorrespondingSourceObject: {fileID: 0}
  m_PrefabInstance: {fileID: 0}
  m_PrefabAsset: {fileID: 0}
  serializedVersion: 6
  m_Component:
  - component: {fileID: 6760652126715382413}
  - component: {fileID: 4581292275748943345}
  - component: {fileID: 2058671467387107255}
  - component: {fileID: 5617392318098384639}
  m_Layer: 5
  m_Name: StopButton
  m_TagString: Untagged
  m_Icon: {fileID: 0}
  m_NavMeshLayer: 0
  m_StaticEditorFlags: 0
  m_IsActive: 0
--- !u!224 &6760652126715382413
RectTransform:
  m_ObjectHideFlags: 0
  m_CorrespondingSourceObject: {fileID: 0}
  m_PrefabInstance: {fileID: 0}
  m_PrefabAsset: {fileID: 0}
  m_GameObject: {fileID: 1855785450195005703}
  m_LocalRotation: {x: -0, y: -0, z: -0, w: 1}
  m_LocalPosition: {x: 0, y: 0, z: 0.00032274268}
  m_LocalScale: {x: 1, y: 1, z: 1}
  m_Children:
  - {fileID: 1473510194135890371}
  m_Father: {fileID: 2211572918262459225}
  m_RootOrder: 3
  m_LocalEulerAnglesHint: {x: 0, y: 0, z: 0}
  m_AnchorMin: {x: 0, y: 0}
  m_AnchorMax: {x: 1, y: 0}
  m_AnchoredPosition: {x: 0, y: 100}
  m_SizeDelta: {x: 0, y: 200}
  m_Pivot: {x: 0.5, y: 0.5}
--- !u!222 &4581292275748943345
CanvasRenderer:
  m_ObjectHideFlags: 0
  m_CorrespondingSourceObject: {fileID: 0}
  m_PrefabInstance: {fileID: 0}
  m_PrefabAsset: {fileID: 0}
  m_GameObject: {fileID: 1855785450195005703}
  m_CullTransparentMesh: 0
--- !u!114 &2058671467387107255
MonoBehaviour:
  m_ObjectHideFlags: 0
  m_CorrespondingSourceObject: {fileID: 0}
  m_PrefabInstance: {fileID: 0}
  m_PrefabAsset: {fileID: 0}
  m_GameObject: {fileID: 1855785450195005703}
  m_Enabled: 1
  m_EditorHideFlags: 0
  m_Script: {fileID: -765806418, guid: f70555f144d8491a825f0804e09c671c, type: 3}
  m_Name: 
  m_EditorClassIdentifier: 
  m_Material: {fileID: 0}
  m_Color: {r: 0, g: 0, b: 0, a: 0.22352941}
  m_RaycastTarget: 1
  m_OnCullStateChanged:
    m_PersistentCalls:
      m_Calls: []
    m_TypeName: UnityEngine.UI.MaskableGraphic+CullStateChangedEvent, UnityEngine.UI,
      Version=1.0.0.0, Culture=neutral, PublicKeyToken=null
  m_Sprite: {fileID: 10905, guid: 0000000000000000f000000000000000, type: 0}
  m_Type: 1
  m_PreserveAspect: 0
  m_FillCenter: 1
  m_FillMethod: 4
  m_FillAmount: 1
  m_FillClockwise: 1
  m_FillOrigin: 0
  m_UseSpriteMesh: 0
--- !u!114 &5617392318098384639
MonoBehaviour:
  m_ObjectHideFlags: 0
  m_CorrespondingSourceObject: {fileID: 0}
  m_PrefabInstance: {fileID: 0}
  m_PrefabAsset: {fileID: 0}
  m_GameObject: {fileID: 1855785450195005703}
  m_Enabled: 1
  m_EditorHideFlags: 0
  m_Script: {fileID: 1392445389, guid: f70555f144d8491a825f0804e09c671c, type: 3}
  m_Name: 
  m_EditorClassIdentifier: 
  m_Navigation:
    m_Mode: 3
    m_SelectOnUp: {fileID: 0}
    m_SelectOnDown: {fileID: 0}
    m_SelectOnLeft: {fileID: 0}
    m_SelectOnRight: {fileID: 0}
  m_Transition: 1
  m_Colors:
    m_NormalColor: {r: 1, g: 1, b: 1, a: 1}
    m_HighlightedColor: {r: 0.9607843, g: 0.9607843, b: 0.9607843, a: 1}
    m_PressedColor: {r: 0.78431374, g: 0.78431374, b: 0.78431374, a: 1}
    m_DisabledColor: {r: 0.78431374, g: 0.78431374, b: 0.78431374, a: 0.5019608}
    m_ColorMultiplier: 1
    m_FadeDuration: 0.1
  m_SpriteState:
    m_HighlightedSprite: {fileID: 0}
    m_PressedSprite: {fileID: 0}
    m_DisabledSprite: {fileID: 0}
  m_AnimationTriggers:
    m_NormalTrigger: Normal
    m_HighlightedTrigger: Highlighted
    m_PressedTrigger: Pressed
    m_DisabledTrigger: Disabled
  m_Interactable: 1
  m_TargetGraphic: {fileID: 2058671467387107255}
  m_OnClick:
    m_PersistentCalls:
      m_Calls: []
    m_TypeName: UnityEngine.UI.Button+ButtonClickedEvent, UnityEngine.UI, Version=1.0.0.0,
      Culture=neutral, PublicKeyToken=null
--- !u!1 &3850189636595909838
GameObject:
  m_ObjectHideFlags: 0
  m_CorrespondingSourceObject: {fileID: 0}
  m_PrefabInstance: {fileID: 0}
  m_PrefabAsset: {fileID: 0}
  serializedVersion: 6
  m_Component:
  - component: {fileID: 1473510194135890371}
  - component: {fileID: 3401753856346985159}
  - component: {fileID: 8015305248487327085}
  - component: {fileID: 6424044223812500278}
  m_Layer: 5
  m_Name: TapToStopText
  m_TagString: Untagged
  m_Icon: {fileID: 0}
  m_NavMeshLayer: 0
  m_StaticEditorFlags: 0
  m_IsActive: 1
--- !u!224 &1473510194135890371
RectTransform:
  m_ObjectHideFlags: 0
  m_CorrespondingSourceObject: {fileID: 0}
  m_PrefabInstance: {fileID: 0}
  m_PrefabAsset: {fileID: 0}
  m_GameObject: {fileID: 3850189636595909838}
  m_LocalRotation: {x: -0, y: -0, z: -0, w: 1}
  m_LocalPosition: {x: 0, y: 0, z: 0}
  m_LocalScale: {x: 0.9994683, y: 0.99946797, z: 0.99946797}
  m_Children: []
  m_Father: {fileID: 6760652126715382413}
  m_RootOrder: 0
  m_LocalEulerAnglesHint: {x: 0, y: 0, z: 0}
  m_AnchorMin: {x: 0.5, y: 0.5}
  m_AnchorMax: {x: 0.5, y: 0.5}
  m_AnchoredPosition: {x: 0, y: 0}
  m_SizeDelta: {x: 160, y: 30}
  m_Pivot: {x: 0.5, y: 0.5}
--- !u!222 &3401753856346985159
CanvasRenderer:
  m_ObjectHideFlags: 0
  m_CorrespondingSourceObject: {fileID: 0}
  m_PrefabInstance: {fileID: 0}
  m_PrefabAsset: {fileID: 0}
  m_GameObject: {fileID: 3850189636595909838}
  m_CullTransparentMesh: 0
--- !u!114 &8015305248487327085
MonoBehaviour:
  m_ObjectHideFlags: 0
  m_CorrespondingSourceObject: {fileID: 0}
  m_PrefabInstance: {fileID: 0}
  m_PrefabAsset: {fileID: 0}
  m_GameObject: {fileID: 3850189636595909838}
  m_Enabled: 1
  m_EditorHideFlags: 0
  m_Script: {fileID: 708705254, guid: f70555f144d8491a825f0804e09c671c, type: 3}
  m_Name: 
  m_EditorClassIdentifier: 
  m_Material: {fileID: 0}
  m_Color: {r: 0.64275545, g: 0.8679245, b: 0.6664575, a: 1}
  m_RaycastTarget: 1
  m_OnCullStateChanged:
    m_PersistentCalls:
      m_Calls: []
    m_TypeName: UnityEngine.UI.MaskableGraphic+CullStateChangedEvent, UnityEngine.UI,
      Version=1.0.0.0, Culture=neutral, PublicKeyToken=null
  m_FontData:
    m_Font: {fileID: 12800000, guid: 4482f85f98010154ab97406ee278f84d, type: 3}
    m_FontSize: 42
    m_FontStyle: 0
    m_BestFit: 0
    m_MinSize: 10
    m_MaxSize: 51
    m_Alignment: 4
    m_AlignByGeometry: 0
    m_RichText: 1
    m_HorizontalOverflow: 1
    m_VerticalOverflow: 1
    m_LineSpacing: 1
  m_Text: tap here to stop
--- !u!95 &6424044223812500278
Animator:
  serializedVersion: 3
  m_ObjectHideFlags: 0
  m_CorrespondingSourceObject: {fileID: 0}
  m_PrefabInstance: {fileID: 0}
  m_PrefabAsset: {fileID: 0}
  m_GameObject: {fileID: 3850189636595909838}
  m_Enabled: 1
  m_Avatar: {fileID: 0}
  m_Controller: {fileID: 9100000, guid: 4af4d673ee74d404a8ef688636c234ea, type: 2}
  m_CullingMode: 0
  m_UpdateMode: 0
  m_ApplyRootMotion: 0
  m_LinearVelocityBlending: 0
  m_WarningMessage: 
  m_HasTransformHierarchy: 1
  m_AllowConstantClipSamplingOptimization: 1
  m_KeepAnimatorControllerStateOnDisable: 0
--- !u!1 &4081409545628149877
GameObject:
  m_ObjectHideFlags: 0
  m_CorrespondingSourceObject: {fileID: 0}
  m_PrefabInstance: {fileID: 0}
  m_PrefabAsset: {fileID: 0}
  serializedVersion: 6
  m_Component:
  - component: {fileID: 4081409545628149876}
  - component: {fileID: 4787265290318834515}
  m_Layer: 0
  m_Name: Level
  m_TagString: Untagged
  m_Icon: {fileID: 0}
  m_NavMeshLayer: 0
  m_StaticEditorFlags: 0
  m_IsActive: 1
--- !u!4 &4081409545628149876
Transform:
  m_ObjectHideFlags: 0
  m_CorrespondingSourceObject: {fileID: 0}
  m_PrefabInstance: {fileID: 0}
  m_PrefabAsset: {fileID: 0}
  m_GameObject: {fileID: 4081409545628149877}
  m_LocalRotation: {x: 0, y: 0, z: 0, w: 1}
  m_LocalPosition: {x: 0, y: 0, z: 0}
  m_LocalScale: {x: 1, y: 1, z: 1}
  m_Children:
  - {fileID: 4081409545939786474}
  - {fileID: 1529802297}
  - {fileID: 9022509819791304121}
  - {fileID: 3508383792310619590}
  - {fileID: 4081409545771442532}
  m_Father: {fileID: 0}
  m_RootOrder: 0
  m_LocalEulerAnglesHint: {x: 0, y: 0, z: 0}
--- !u!114 &4787265290318834515
MonoBehaviour:
  m_ObjectHideFlags: 0
  m_CorrespondingSourceObject: {fileID: 0}
  m_PrefabInstance: {fileID: 0}
  m_PrefabAsset: {fileID: 0}
  m_GameObject: {fileID: 4081409545628149877}
  m_Enabled: 1
  m_EditorHideFlags: 0
  m_Script: {fileID: 11500000, guid: 6f796d43691aaee4fa4f63fbdbf1f7f8, type: 3}
  m_Name: 
  m_EditorClassIdentifier: 
--- !u!1 &4081409545771442533
GameObject:
  m_ObjectHideFlags: 0
  m_CorrespondingSourceObject: {fileID: 0}
  m_PrefabInstance: {fileID: 0}
  m_PrefabAsset: {fileID: 0}
  serializedVersion: 6
  m_Component:
  - component: {fileID: 4081409545771442532}
  m_Layer: 0
  m_Name: All Mechs
  m_TagString: Untagged
  m_Icon: {fileID: 0}
  m_NavMeshLayer: 0
  m_StaticEditorFlags: 0
  m_IsActive: 1
--- !u!4 &4081409545771442532
Transform:
  m_ObjectHideFlags: 0
  m_CorrespondingSourceObject: {fileID: 0}
  m_PrefabInstance: {fileID: 0}
  m_PrefabAsset: {fileID: 0}
  m_GameObject: {fileID: 4081409545771442533}
  m_LocalRotation: {x: -0, y: -0, z: -0, w: 1}
  m_LocalPosition: {x: -4.5, y: 0, z: -4.5}
  m_LocalScale: {x: 1, y: 1, z: 1}
  m_Children: []
  m_Father: {fileID: 4081409545628149876}
  m_RootOrder: 4
  m_LocalEulerAnglesHint: {x: 0, y: 0, z: 0}
--- !u!1 &4081409545939786475
GameObject:
  m_ObjectHideFlags: 0
  m_CorrespondingSourceObject: {fileID: 0}
  m_PrefabInstance: {fileID: 0}
  m_PrefabAsset: {fileID: 0}
  serializedVersion: 6
  m_Component:
  - component: {fileID: 4081409545939786474}
  m_Layer: 0
  m_Name: Pos
  m_TagString: Untagged
  m_Icon: {fileID: 0}
  m_NavMeshLayer: 0
  m_StaticEditorFlags: 0
  m_IsActive: 0
--- !u!4 &4081409545939786474
Transform:
  m_ObjectHideFlags: 0
  m_CorrespondingSourceObject: {fileID: 0}
  m_PrefabInstance: {fileID: 0}
  m_PrefabAsset: {fileID: 0}
  m_GameObject: {fileID: 4081409545939786475}
  m_LocalRotation: {x: -0, y: -0, z: -0, w: 1}
  m_LocalPosition: {x: -15.9, y: 32.6, z: -29.6}
  m_LocalScale: {x: 1, y: 1, z: 1}
  m_Children:
  - {fileID: 4081409546292178890}
  m_Father: {fileID: 4081409545628149876}
  m_RootOrder: 0
  m_LocalEulerAnglesHint: {x: 0, y: 0, z: 0}
--- !u!1 &4081409546292178891
GameObject:
  m_ObjectHideFlags: 0
  m_CorrespondingSourceObject: {fileID: 0}
  m_PrefabInstance: {fileID: 0}
  m_PrefabAsset: {fileID: 0}
  serializedVersion: 6
  m_Component:
  - component: {fileID: 4081409546292178890}
  m_Layer: 0
  m_Name: Rot
  m_TagString: Untagged
  m_Icon: {fileID: 0}
  m_NavMeshLayer: 0
  m_StaticEditorFlags: 0
  m_IsActive: 1
--- !u!4 &4081409546292178890
Transform:
  m_ObjectHideFlags: 0
  m_CorrespondingSourceObject: {fileID: 0}
  m_PrefabInstance: {fileID: 0}
  m_PrefabAsset: {fileID: 0}
  m_GameObject: {fileID: 4081409546292178891}
  m_LocalRotation: {x: 0.37049407, y: 0.23132098, z: -0.09581628, w: 0.89445186}
  m_LocalPosition: {x: 0, y: 0, z: 0}
  m_LocalScale: {x: 1, y: 1, z: 1}
  m_Children: []
  m_Father: {fileID: 4081409545939786474}
  m_RootOrder: 0
  m_LocalEulerAnglesHint: {x: 0, y: 0, z: 0}
--- !u!1 &6001560890320836020
GameObject:
  m_ObjectHideFlags: 0
  m_CorrespondingSourceObject: {fileID: 0}
  m_PrefabInstance: {fileID: 0}
  m_PrefabAsset: {fileID: 0}
  serializedVersion: 6
  m_Component:
  - component: {fileID: 3508383792310619590}
  - component: {fileID: 1270913280203950480}
  - component: {fileID: 4369463316857544275}
  - component: {fileID: 8415236637960230050}
  m_Layer: 0
  m_Name: Base
  m_TagString: Untagged
  m_Icon: {fileID: 0}
  m_NavMeshLayer: 0
  m_StaticEditorFlags: 0
  m_IsActive: 1
--- !u!4 &3508383792310619590
Transform:
  m_ObjectHideFlags: 0
  m_CorrespondingSourceObject: {fileID: 0}
  m_PrefabInstance: {fileID: 0}
  m_PrefabAsset: {fileID: 0}
  m_GameObject: {fileID: 6001560890320836020}
  m_LocalRotation: {x: 0.7071068, y: -0, z: -0, w: 0.7071068}
  m_LocalPosition: {x: 0, y: -5.01, z: 0}
  m_LocalScale: {x: 10, y: 10, z: 10}
  m_Children:
  - {fileID: 7257567466112897625}
  - {fileID: 7810957420324390835}
  m_Father: {fileID: 4081409545628149876}
  m_RootOrder: 3
  m_LocalEulerAnglesHint: {x: 0, y: 0, z: 0}
--- !u!33 &1270913280203950480
MeshFilter:
  m_ObjectHideFlags: 0
  m_CorrespondingSourceObject: {fileID: 0}
  m_PrefabInstance: {fileID: 0}
  m_PrefabAsset: {fileID: 0}
  m_GameObject: {fileID: 6001560890320836020}
  m_Mesh: {fileID: 10202, guid: 0000000000000000e000000000000000, type: 0}
--- !u!23 &4369463316857544275
MeshRenderer:
  m_ObjectHideFlags: 0
  m_CorrespondingSourceObject: {fileID: 0}
  m_PrefabInstance: {fileID: 0}
  m_PrefabAsset: {fileID: 0}
  m_GameObject: {fileID: 6001560890320836020}
  m_Enabled: 0
  m_CastShadows: 1
  m_ReceiveShadows: 1
  m_DynamicOccludee: 1
  m_MotionVectors: 1
  m_LightProbeUsage: 1
  m_ReflectionProbeUsage: 1
  m_RenderingLayerMask: 1
  m_RendererPriority: 0
  m_Materials:
  - {fileID: 2100000, guid: 7f20c7d56373998468a8cc635394ea98, type: 2}
  m_StaticBatchInfo:
    firstSubMesh: 0
    subMeshCount: 0
  m_StaticBatchRoot: {fileID: 0}
  m_ProbeAnchor: {fileID: 0}
  m_LightProbeVolumeOverride: {fileID: 0}
  m_ScaleInLightmap: 1
  m_PreserveUVs: 0
  m_IgnoreNormalsForChartDetection: 0
  m_ImportantGI: 0
  m_StitchLightmapSeams: 0
  m_SelectedEditorRenderState: 3
  m_MinimumChartSize: 4
  m_AutoUVMaxDistance: 0.5
  m_AutoUVMaxAngle: 89
  m_LightmapParameters: {fileID: 0}
  m_SortingLayerID: 0
  m_SortingLayer: 0
  m_SortingOrder: 0
--- !u!65 &8415236637960230050
BoxCollider:
  m_ObjectHideFlags: 0
  m_CorrespondingSourceObject: {fileID: 0}
  m_PrefabInstance: {fileID: 0}
  m_PrefabAsset: {fileID: 0}
  m_GameObject: {fileID: 6001560890320836020}
  m_Material: {fileID: 0}
  m_IsTrigger: 0
  m_Enabled: 1
  serializedVersion: 2
  m_Size: {x: 1, y: 1, z: 1}
  m_Center: {x: 0, y: 0, z: 0}
--- !u!1001 &5033768758579471782
PrefabInstance:
  m_ObjectHideFlags: 0
  serializedVersion: 2
  m_Modification:
    m_TransformParent: {fileID: 4081409545628149876}
    m_Modifications:
    - target: {fileID: 2349864307368994249, guid: 85fc8796a6cff464191c84d17b06713d,
        type: 3}
      propertyPath: m_Name
      value: LevelRoot
      objectReference: {fileID: 0}
    - target: {fileID: 4102197501437984799, guid: 85fc8796a6cff464191c84d17b06713d,
        type: 3}
      propertyPath: m_LocalPosition.x
      value: 0
      objectReference: {fileID: 0}
    - target: {fileID: 4102197501437984799, guid: 85fc8796a6cff464191c84d17b06713d,
        type: 3}
      propertyPath: m_LocalPosition.y
      value: 0
      objectReference: {fileID: 0}
    - target: {fileID: 4102197501437984799, guid: 85fc8796a6cff464191c84d17b06713d,
        type: 3}
      propertyPath: m_LocalPosition.z
      value: 0
      objectReference: {fileID: 0}
    - target: {fileID: 4102197501437984799, guid: 85fc8796a6cff464191c84d17b06713d,
        type: 3}
      propertyPath: m_LocalRotation.x
      value: -0
      objectReference: {fileID: 0}
    - target: {fileID: 4102197501437984799, guid: 85fc8796a6cff464191c84d17b06713d,
        type: 3}
      propertyPath: m_LocalRotation.y
      value: -0
      objectReference: {fileID: 0}
    - target: {fileID: 4102197501437984799, guid: 85fc8796a6cff464191c84d17b06713d,
        type: 3}
      propertyPath: m_LocalRotation.z
      value: -0
      objectReference: {fileID: 0}
    - target: {fileID: 4102197501437984799, guid: 85fc8796a6cff464191c84d17b06713d,
        type: 3}
      propertyPath: m_LocalRotation.w
      value: 1
      objectReference: {fileID: 0}
    - target: {fileID: 4102197501437984799, guid: 85fc8796a6cff464191c84d17b06713d,
        type: 3}
      propertyPath: m_RootOrder
      value: 2
      objectReference: {fileID: 0}
    - target: {fileID: 4102197501437984799, guid: 85fc8796a6cff464191c84d17b06713d,
        type: 3}
      propertyPath: m_LocalEulerAnglesHint.x
      value: 0
      objectReference: {fileID: 0}
    - target: {fileID: 4102197501437984799, guid: 85fc8796a6cff464191c84d17b06713d,
        type: 3}
      propertyPath: m_LocalEulerAnglesHint.y
      value: 0
      objectReference: {fileID: 0}
    - target: {fileID: 4102197501437984799, guid: 85fc8796a6cff464191c84d17b06713d,
        type: 3}
      propertyPath: m_LocalEulerAnglesHint.z
      value: 0
      objectReference: {fileID: 0}
    - target: {fileID: 6586983082303730285, guid: 85fc8796a6cff464191c84d17b06713d,
        type: 3}
      propertyPath: cam
      value: 
      objectReference: {fileID: 4081409546694453380}
    - target: {fileID: 6586983082303730285, guid: 85fc8796a6cff464191c84d17b06713d,
        type: 3}
      propertyPath: machineRoot
      value: 
      objectReference: {fileID: 4081409545771442532}
    - target: {fileID: 6586983082303730285, guid: 85fc8796a6cff464191c84d17b06713d,
        type: 3}
      propertyPath: machineDropPoint
      value: 
      objectReference: {fileID: 1458121344}
    - target: {fileID: 6586983082303730285, guid: 85fc8796a6cff464191c84d17b06713d,
        type: 3}
      propertyPath: stopButton
      value: 
      objectReference: {fileID: 5617392318098384639}
    - target: {fileID: 6586983082303730285, guid: 85fc8796a6cff464191c84d17b06713d,
        type: 3}
      propertyPath: resetMan
      value: 
      objectReference: {fileID: 8595053139300009235}
    - target: {fileID: 8724379861280383841, guid: 85fc8796a6cff464191c84d17b06713d,
        type: 3}
      propertyPath: target
      value: 
      objectReference: {fileID: 9022509819791304121}
    - target: {fileID: 9043120711216581922, guid: 85fc8796a6cff464191c84d17b06713d,
        type: 3}
      propertyPath: m_ClearFlags
      value: 2
      objectReference: {fileID: 0}
    - target: {fileID: 9043120711216581922, guid: 85fc8796a6cff464191c84d17b06713d,
        type: 3}
      propertyPath: m_BackGroundColor.r
      value: 0.3019608
      objectReference: {fileID: 0}
    - target: {fileID: 9043120711216581922, guid: 85fc8796a6cff464191c84d17b06713d,
        type: 3}
      propertyPath: m_BackGroundColor.g
      value: 0.30980393
      objectReference: {fileID: 0}
    - target: {fileID: 9043120711216581922, guid: 85fc8796a6cff464191c84d17b06713d,
        type: 3}
      propertyPath: m_BackGroundColor.b
      value: 0.2509804
      objectReference: {fileID: 0}
    - target: {fileID: 9043120711388161117, guid: 85fc8796a6cff464191c84d17b06713d,
        type: 3}
      propertyPath: m_Intensity
      value: 0.75
      objectReference: {fileID: 0}
    - target: {fileID: 5815202464402796914, guid: 85fc8796a6cff464191c84d17b06713d,
        type: 3}
      propertyPath: m_StartCorner
      value: 3
      objectReference: {fileID: 0}
    - target: {fileID: 5033768758319047681, guid: 85fc8796a6cff464191c84d17b06713d,
        type: 3}
      propertyPath: m_TargetGraphic
      value: 
      objectReference: {fileID: 294011304}
    - target: {fileID: 1665824078109316128, guid: 85fc8796a6cff464191c84d17b06713d,
        type: 3}
      propertyPath: m_Camera
      value: 
      objectReference: {fileID: 4081409546694453380}
    - target: {fileID: 6290922109261532057, guid: 85fc8796a6cff464191c84d17b06713d,
        type: 3}
      propertyPath: m_TargetGraphic
      value: 
      objectReference: {fileID: 6384577454535901346}
    - target: {fileID: 6006006934436829201, guid: 85fc8796a6cff464191c84d17b06713d,
        type: 3}
      propertyPath: m_TargetGraphic
      value: 
      objectReference: {fileID: 5270059770203274357}
    m_RemovedComponents: []
  m_SourcePrefab: {fileID: 100100000, guid: 85fc8796a6cff464191c84d17b06713d, type: 3}
--- !u!114 &294011304 stripped
MonoBehaviour:
  m_CorrespondingSourceObject: {fileID: 5033768758319047694, guid: 85fc8796a6cff464191c84d17b06713d,
    type: 3}
  m_PrefabInstance: {fileID: 5033768758579471782}
  m_PrefabAsset: {fileID: 0}
  m_GameObject: {fileID: 0}
  m_Enabled: 1
  m_EditorHideFlags: 0
  m_Script: {fileID: -765806418, guid: f70555f144d8491a825f0804e09c671c, type: 3}
  m_Name: 
  m_EditorClassIdentifier: 
--- !u!224 &1458121344 stripped
RectTransform:
  m_CorrespondingSourceObject: {fileID: 5033768759483928358, guid: 85fc8796a6cff464191c84d17b06713d,
    type: 3}
  m_PrefabInstance: {fileID: 5033768758579471782}
  m_PrefabAsset: {fileID: 0}
--- !u!114 &6384577454535901346 stripped
MonoBehaviour:
  m_CorrespondingSourceObject: {fileID: 2107993975494419716, guid: 85fc8796a6cff464191c84d17b06713d,
    type: 3}
  m_PrefabInstance: {fileID: 5033768758579471782}
  m_PrefabAsset: {fileID: 0}
  m_GameObject: {fileID: 0}
  m_Enabled: 1
  m_EditorHideFlags: 0
  m_Script: {fileID: -765806418, guid: f70555f144d8491a825f0804e09c671c, type: 3}
  m_Name: 
  m_EditorClassIdentifier: 
--- !u!114 &5270059770203274357 stripped
MonoBehaviour:
  m_CorrespondingSourceObject: {fileID: 934648055944993235, guid: 85fc8796a6cff464191c84d17b06713d,
    type: 3}
  m_PrefabInstance: {fileID: 5033768758579471782}
  m_PrefabAsset: {fileID: 0}
  m_GameObject: {fileID: 0}
  m_Enabled: 1
  m_EditorHideFlags: 0
  m_Script: {fileID: -765806418, guid: f70555f144d8491a825f0804e09c671c, type: 3}
  m_Name: 
  m_EditorClassIdentifier: 
--- !u!224 &2211572918262459225 stripped
RectTransform:
  m_CorrespondingSourceObject: {fileID: 6587253181275623167, guid: 85fc8796a6cff464191c84d17b06713d,
    type: 3}
  m_PrefabInstance: {fileID: 5033768758579471782}
  m_PrefabAsset: {fileID: 0}
--- !u!20 &4081409546694453380 stripped
Camera:
  m_CorrespondingSourceObject: {fileID: 9043120711216581922, guid: 85fc8796a6cff464191c84d17b06713d,
    type: 3}
  m_PrefabInstance: {fileID: 5033768758579471782}
  m_PrefabAsset: {fileID: 0}
--- !u!114 &8595053139300009235 stripped
MonoBehaviour:
  m_CorrespondingSourceObject: {fileID: 3646870400723574965, guid: 85fc8796a6cff464191c84d17b06713d,
    type: 3}
  m_PrefabInstance: {fileID: 5033768758579471782}
  m_PrefabAsset: {fileID: 0}
  m_GameObject: {fileID: 0}
  m_Enabled: 1
  m_EditorHideFlags: 0
  m_Script: {fileID: 11500000, guid: 0df2f3c0878129a40b56b70e89c2bedc, type: 3}
  m_Name: 
  m_EditorClassIdentifier: 
--- !u!4 &9022509819791304121 stripped
Transform:
  m_CorrespondingSourceObject: {fileID: 4102197501437984799, guid: 85fc8796a6cff464191c84d17b06713d,
    type: 3}
  m_PrefabInstance: {fileID: 5033768758579471782}
  m_PrefabAsset: {fileID: 0}
--- !u!1001 &7257567466112501977
PrefabInstance:
  m_ObjectHideFlags: 0
  serializedVersion: 2
  m_Modification:
    m_TransformParent: {fileID: 3508383792310619590}
    m_Modifications:
    - target: {fileID: 100000, guid: 24bc445bf0babc246b97e198f5adce26, type: 3}
      propertyPath: m_Name
      value: BaseCube
      objectReference: {fileID: 0}
    - target: {fileID: 100000, guid: 24bc445bf0babc246b97e198f5adce26, type: 3}
      propertyPath: m_IsActive
      value: 0
      objectReference: {fileID: 0}
    - target: {fileID: 400000, guid: 24bc445bf0babc246b97e198f5adce26, type: 3}
      propertyPath: m_LocalPosition.x
      value: 0
      objectReference: {fileID: 0}
    - target: {fileID: 400000, guid: 24bc445bf0babc246b97e198f5adce26, type: 3}
      propertyPath: m_LocalPosition.y
      value: 0
      objectReference: {fileID: 0}
    - target: {fileID: 400000, guid: 24bc445bf0babc246b97e198f5adce26, type: 3}
      propertyPath: m_LocalPosition.z
      value: 0.05
      objectReference: {fileID: 0}
    - target: {fileID: 400000, guid: 24bc445bf0babc246b97e198f5adce26, type: 3}
      propertyPath: m_LocalRotation.x
      value: 0
      objectReference: {fileID: 0}
    - target: {fileID: 400000, guid: 24bc445bf0babc246b97e198f5adce26, type: 3}
      propertyPath: m_LocalRotation.y
      value: -0
      objectReference: {fileID: 0}
    - target: {fileID: 400000, guid: 24bc445bf0babc246b97e198f5adce26, type: 3}
      propertyPath: m_LocalRotation.z
      value: -0
      objectReference: {fileID: 0}
    - target: {fileID: 400000, guid: 24bc445bf0babc246b97e198f5adce26, type: 3}
      propertyPath: m_LocalRotation.w
      value: 1
      objectReference: {fileID: 0}
    - target: {fileID: 400000, guid: 24bc445bf0babc246b97e198f5adce26, type: 3}
      propertyPath: m_RootOrder
      value: 0
      objectReference: {fileID: 0}
    - target: {fileID: 400000, guid: 24bc445bf0babc246b97e198f5adce26, type: 3}
      propertyPath: m_LocalEulerAnglesHint.x
      value: 0
      objectReference: {fileID: 0}
    - target: {fileID: 400000, guid: 24bc445bf0babc246b97e198f5adce26, type: 3}
      propertyPath: m_LocalEulerAnglesHint.y
      value: 0
      objectReference: {fileID: 0}
    - target: {fileID: 400000, guid: 24bc445bf0babc246b97e198f5adce26, type: 3}
      propertyPath: m_LocalEulerAnglesHint.z
      value: 0
      objectReference: {fileID: 0}
    - target: {fileID: 2300000, guid: 24bc445bf0babc246b97e198f5adce26, type: 3}
      propertyPath: m_Materials.Array.data[0]
      value: 
      objectReference: {fileID: 2100000, guid: 7f20c7d56373998468a8cc635394ea98, type: 2}
    m_RemovedComponents: []
  m_SourcePrefab: {fileID: 100100000, guid: 24bc445bf0babc246b97e198f5adce26, type: 3}
--- !u!4 &7257567466112897625 stripped
Transform:
  m_CorrespondingSourceObject: {fileID: 400000, guid: 24bc445bf0babc246b97e198f5adce26,
    type: 3}
  m_PrefabInstance: {fileID: 7257567466112501977}
  m_PrefabAsset: {fileID: 0}
--- !u!1001 &7810957420324527411
PrefabInstance:
  m_ObjectHideFlags: 0
  serializedVersion: 2
  m_Modification:
    m_TransformParent: {fileID: 3508383792310619590}
    m_Modifications:
    - target: {fileID: 100000, guid: 380452f3389707c4592e2069d96a3c41, type: 3}
      propertyPath: m_Name
      value: Ground01
      objectReference: {fileID: 0}
    - target: {fileID: 400000, guid: 380452f3389707c4592e2069d96a3c41, type: 3}
      propertyPath: m_LocalPosition.x
      value: 0
      objectReference: {fileID: 0}
    - target: {fileID: 400000, guid: 380452f3389707c4592e2069d96a3c41, type: 3}
      propertyPath: m_LocalPosition.y
      value: -0
      objectReference: {fileID: 0}
    - target: {fileID: 400000, guid: 380452f3389707c4592e2069d96a3c41, type: 3}
      propertyPath: m_LocalPosition.z
      value: -0.5
      objectReference: {fileID: 0}
    - target: {fileID: 400000, guid: 380452f3389707c4592e2069d96a3c41, type: 3}
      propertyPath: m_LocalRotation.x
      value: -0.7071068
      objectReference: {fileID: 0}
    - target: {fileID: 400000, guid: 380452f3389707c4592e2069d96a3c41, type: 3}
      propertyPath: m_LocalRotation.y
      value: 0
      objectReference: {fileID: 0}
    - target: {fileID: 400000, guid: 380452f3389707c4592e2069d96a3c41, type: 3}
      propertyPath: m_LocalRotation.z
      value: 0
      objectReference: {fileID: 0}
    - target: {fileID: 400000, guid: 380452f3389707c4592e2069d96a3c41, type: 3}
      propertyPath: m_LocalRotation.w
      value: 0.7071068
      objectReference: {fileID: 0}
    - target: {fileID: 400000, guid: 380452f3389707c4592e2069d96a3c41, type: 3}
      propertyPath: m_RootOrder
      value: 1
      objectReference: {fileID: 0}
    - target: {fileID: 400000, guid: 380452f3389707c4592e2069d96a3c41, type: 3}
      propertyPath: m_LocalEulerAnglesHint.x
      value: -90
      objectReference: {fileID: 0}
    - target: {fileID: 400000, guid: 380452f3389707c4592e2069d96a3c41, type: 3}
      propertyPath: m_LocalEulerAnglesHint.y
      value: 0
      objectReference: {fileID: 0}
    - target: {fileID: 400000, guid: 380452f3389707c4592e2069d96a3c41, type: 3}
      propertyPath: m_LocalEulerAnglesHint.z
      value: 0
      objectReference: {fileID: 0}
    - target: {fileID: 400000, guid: 380452f3389707c4592e2069d96a3c41, type: 3}
      propertyPath: m_LocalScale.x
      value: 0.1
      objectReference: {fileID: 0}
    - target: {fileID: 400000, guid: 380452f3389707c4592e2069d96a3c41, type: 3}
      propertyPath: m_LocalScale.y
      value: 0.1
      objectReference: {fileID: 0}
    - target: {fileID: 400000, guid: 380452f3389707c4592e2069d96a3c41, type: 3}
      propertyPath: m_LocalScale.z
      value: 0.1
      objectReference: {fileID: 0}
    m_RemovedComponents: []
  m_SourcePrefab: {fileID: 100100000, guid: 380452f3389707c4592e2069d96a3c41, type: 3}
--- !u!4 &7810957420324390835 stripped
Transform:
  m_CorrespondingSourceObject: {fileID: 400000, guid: 380452f3389707c4592e2069d96a3c41,
    type: 3}
  m_PrefabInstance: {fileID: 7810957420324527411}
  m_PrefabAsset: {fileID: 0}
